3088 4580
480 254 563 342 22

482 470 632 512 cum
677 447 903 513 dativo
948 447 1223 512 eandem
1259 447 1502 512 habere
1550 448 1687 513 vim
1734 456 1930 531 atquc
1975 448 2047 512 in
2092 446 2316 514 verbis
2362 448 2642 513 timendi

481 553 577 617 ita
629 559 707 616 ut
761 558 1065 616 nostrum
1102 550 1221 636 far
1275 550 1419 617 sive
1485 573 1589 614 um
1654 551 2052 635 aequiparet,
2121 562 2190 616 et
2256 553 2645 638 genetivum

482 657 584 715 τοῦ
630 691 716 741 -ο
759 654 1153 737 περαιωθῆναι
1207 675 1349 718 esse
1405 654 1833 733 obiectivum,
1892 675 2289 739 suspensum
2343 655 2425 720 ab
2486 657 2645 739 ἀγών

482 778 663 836 voce,
695 757 791 821 ita
816 766 895 821 ut
925 758 1260 821 sententia
1286 758 1404 822 sit:
1438 757 1518 822 de
1552 756 1786 823 Sicilia
1809 759 1992 842 prius
2017 780 2153 823 non
2177 747 2643 837 decertabitur,

483 882 677 944 quam
714 870 1048 924 certamen
1080 859 1159 924 de
1203 861 1493 927 transitu
1537 862 1742 926 maris
1773 862 1950 926 Ionii
1982 862 2232 927 factum
2276 863 2425 927 erit.
2500 863 2646 928 Hac

482 963 926 1048 explicatione
956 962 1234 1047 probata
1276 962 1355 1027 de
1386 965 1728 1030 infinitivo
1773 987 1812 1030 a
1857 965 2142 1032 formula
2183 967 2468 1049 πρότερον
2494 966 2648 1049 -ἧ

482 1067 800 1152 pendenti
845 1088 1061 1134 sermo
1106 1088 1250 1132 esse
1294 1089 1430 1132 non
1475 1076 1717 1152 potest.

655 1170 881 1234 Variis
927 1170 1253 1236 infinitivi
1298 1193 1448 1236 cum
1493 1174 1617 1254 πρίν
1689 1171 2019 1255 particuia
2075 1171 2432 1237 structuris
2498 1194 2644 1255 per-

484 1262 787 1338 lustratis
833 1295 967 1338 non
1013 1274 1317 1358 ineptum
1370 1275 1535 1340 mihi
1582 1275 1852 1342 videtur
1895 1282 2322 1359 pertractare,
2385 1275 2647 1358 quaudo

484 1378 864 1442 infinitivus
911 1377 1216 1461 simpicX,
1273 1377 1535 1461 quando
1594 1399 1742 1443 cum
1795 1378 2173 1442 accusativo
2220 1379 2565 1461 copulatus
2611 1401 2650 1442 a

488 1480 874 1565 Thucydide
931 1487 1310 1563 usurpetur.
1326 1480 1368 1557 ¹)
1463 1480 1602 1545 Res
1658 1502 1777 1565 per
1821 1502 1892 1544 sc
1948 1480 2092 1564 ipsa
2149 1488 2253 1545 est
2310 1480 2646 1559 facillima,

487 1584 797 1665 quoniam
844 1583 1006 1648 haec
1050 1603 1308 1666 quoquc
1352 1584 1680 1649 infinitivi
1725 1591 2062 1649 structura
2089 1583 2352 1669 legibus
2382 1583 2650 1670 linguae

485 1706 755 1770 graecae
821 1686 1017 1770 plane
1083 1686 1406 1752 obstricta
1470 1693 1758 1752 tenetur.
1870 1686 2145 1751 Etenim
2211 1686 2518 1770 quotiens
2577 1687 2651 1752 in

488 1788 833 1854 enuntiato
880 1788 1268 1854 secundario
1313 1812 1596 1873 persona
1641 1791 1785 1856 sive
1829 1811 1935 1855 res
1994 1790 2312 1873 quaedam
2368 1790 2649 1855 subiecti

487 1893 632 1957 loco
700 1892 1051 1978 cogitanda
1115 1901 1237 1971 cst,
1306 1915 1471 1977 quac
1531 1894 1759 1959 eadem
1815 1894 1888 1958 in
1944 1894 2274 1958 sententia
2335 1893 2651 1976 primaria

487 1995 786 2079 quolibet
831 2017 982 2060 casu
1023 2017 1338 2080 expressa
1371 1996 1578 2076 adest,
1624 1997 2006 2065 infinitivus
2040 1995 2322 2079 simplex
2354 1995 2644 2079 ponitur.

489 2099 892 2180 Plerumque
937 2099 1122 2164 notio
1153 2100 1473 2183 primaria
1517 2102 1889 2166 communis
1934 2107 2038 2165 est
2077 2099 2255 2163 inter
2292 2105 2648 2180 utrumque

489 2201 930 2280 enuntiatum,
977 2202 1168 2267 velut
1212 2203 1268 2281 I,
1302 2201 1405 2282 78,
1459 2202 1482 2267 1
1538 2206 1668 2283 (τοῦ
1713 2203 1967 2286 πολέμυυ
2013 2203 2111 2263 τὸν
2155 2201 2482 2283 παράλογον
2525 2202 2648 2282 πρὶν

489 2306 550 2367 ἐν
596 2305 757 2389 αὐτῷ
800 2305 1080 2386 γενέσθαι
1123 2307 1567 2388 τηουδιάγνωτε).
1658 2307 1794 2375 Sed
1838 2309 2040 2372 ctiam
2085 2328 2274 2371 casus
2321 2303 2650 2370 enuntiati

489 2409 785 2493 primarii
836 2408 1141 2491 obliquus
1187 2409 1470 2476 subiecti
1504 2411 1650 2475 vice
1682 2411 1764 2476 ad
1794 2411 2212 2475 infinitivum
2244 2407 2651 2493 supplendus

490 2519 608 2579 est.
711 2510 910 2576 Haud
965 2533 1114 2575 raro
1171 2513 1344 2596 apud
1390 2513 1847 2598 Thucydidem
1907 2511 2281 2577 subiectum
2326 2511 2654 2577 infinitivi

490 2617 562 2679 in
616 2615 987 2699 participiis
1045 2615 1587 2681 antecedentibus
1644 2617 1810 2681 latet
1823 2640 1838 2694 ;
1908 2616 1979 2679 in
2036 2615 2262 2679 dativo
2318 2613 2650 2697 participii

491 2720 545 2796 Ι,
605 2718 749 2783 125:
810 2718 976 2799 ὅμως
1041 2718 1111 2779 δὲ
1169 2718 1749 2801 καθισταμένοις
1800 2716 1881 2777 ὧν
1934 2714 2060 2779 ἔδει
2111 2716 2373 2781 ἐνιαυτὸς·
2420 2715 2529 2797 μὲν
2586 2715 2656 2776 οὐ

491 2824 770 2907 διετρίβη,
817 2819 1065 2883 ἔλασσον
1097 2821 1168 2883 δὲ
1212 2823 1333 2904 πρὶν
1363 2820 1636 2901 ἐσβαλεῖν
1676 2821 1742 2889 ἐς
1766 2822 1863 2904 τὴν
1901 2820 2182 2903 Ἀττικήν;
2228 2843 2313 2885 ex
2343 2820 2670 2904 genetivo

493 2925 1010 3011 depromendum
1077 2933 1188 2991 est
1254 2926 1348 3005 ΙΙ,
1413 2922 1510 3006 13,
1587 2925 1611 2989 1
1676 2933 1744 2990 et
1799 2925 1891 3003 II,
1948 2922 2051 3003 56,
2118 2922 2169 2989 1.
2268 2923 2400 2987 Vel
2460 2921 2658 2988 auda-

494 3030 759 3096 cissima
824 3037 927 3095 est
981 3036 1321 3094 structura
1390 3029 1691 3094 locorum
1755 3030 1810 3108 I,
1870 3026 1972 3108 68,
2032 3027 2071 3092 2
2125 3035 2194 3092 et
2248 3027 2370 3104 VI,
2431 3026 2534 3106 76,
2602 3026 2656 3091 1.

493 3134 724 3217 Neque
782 3134 962 3198 enim
1020 3133 1393 3199 subiectum
1448 3134 1777 3200 infinitivi
1835 3155 1920 3197 cx
1965 3131 2301 3197 sententia
2343 3130 2660 3214 primaria

494 3235 887 3301 sumendum
955 3244 1076 3314 cst,
1147 3235 1261 3301 sed
1330 3259 1411 3301 ex
1487 3237 1853 3302 enuntiatis
1930 3233 2379 3299 subordinatis
2448 3233 2657 3314 iisque

493 3339 908 3404 infinitivum
965 3338 1412 3421 sequentibus,
1507 3338 1588 3404 Si
1633 3339 1911 3422 legimus
1959 3338 2053 3396 καὶ
2098 3335 2174 3396 δι’
2231 3334 2374 3396 αὐτὸ
2420 3334 2488 3396 οὐ
2533 3337 2655 3418 πρὶν

495 3442 752 3526 πάσχειν,
810 3438 932 3501 ἀλλ’
983 3439 1179 3523 ἐπειδὴ
1233 3440 1293 3502 ἐν
1351 3449 1435 3524 τῷ
1492 3439 1653 3524 ἔργω
1699 3438 1894 3522 ἐσμέν,
1948 3438 2086 3505 τοὺς·
2126 3437 2467 3523 ξυμμάχους
2507 3461 2653 3521 παμ-

498 3544 840 3616 εκαλέσατε,
895 3545 1278 3610 infinitivus
1335 3544 1575 3627 πάσχειν
1630 3542 1864 3608 eodem
1926 3565 2056 3625 quc
2113 3542 2535 3608 enuntiatum
2579 3539 2661 3605 ab

497 3648 695 3732 ἐπειδή
739 3648 1065 3733 incipiens
1113 3648 1355 3713 nititur
1407 3646 1725 3712 subiecto.
1814 3647 1999 3711 Haec
2055 3646 2348 3711 notionis
2407 3646 2659 3729 primae

499 3754 876 3818 communio
937 3752 1272 3817 'indicium
1328 3764 1430 3816 est
1484 3752 1653 3815 arcti
1723 3750 1998 3829 vinculi,
2089 3771 2219 3833 quc
2294 3748 2423 3813 duo
2501 3748 2661 3813 haec

499 3857 845 3921 enuntiata
908 3876 1160 3920 conexa
1226 3864 1388 3920 sunt
1452 3855 1563 3933 (cf.
1633 3875 1778 3939 pag.
1846 3854 1967 3931 15).
2079 3851 2393 3917 Liberius
2461 3851 2661 3915 etiam

674 4092 715 4158 ¹)
753 4091 836 4147 Cf.
872 4090 1088 4146 Theod.
1126 4091 1578 4145 Ferssmannium
1626 4091 1681 4145 in
1730 4090 1862 4144 diss.
1914 4089 2002 4157 ,de
2048 4066 2302 4144 infinitivi
2351 4091 2662 4157 temporum

501 4193 605 4231 usu
641 4177 1043 4248 Thucydideo‘‚
1080 4176 1306 4246 Lipsiae
1343 4177 1493 4246 1873,
1529 4192 1662 4247 pag.
1697 4177 1767 4231 53
1801 4179 1860 4230 et
1896 4175 1976 4229 79.
