<?xml version="1.0" encoding="UTF-8"?>
<!DOCTYPE html PUBLIC "-//W3C//DTD XHTML 1.0 Transitional//EN"
    "http://www.w3.org/TR/xhtml1/DTD/xhtml1-transitional.dtd">
<html xmlns="http://www.w3.org/1999/xhtml" xml:lang="en" lang="en">
 <head>
  <title>
</title>
<meta http-equiv="Content-Type" content="text/html;charset=utf-8" />
  <meta name='ocr-system' content='tesseract 3.04.00' />
  <meta name='ocr-capabilities' content='ocr_page ocr_carea ocr_par ocr_line ocrx_word'/>
</head>
<body>
  <div class='ocr_page' id='page_1' title='image "./deusuparticulae00wagngoog_0043.png"; bbox 0 0 3088 4580; ppageno 0'>
   <div class='ocr_carea' id='block_1_1' title="bbox 2489 219 2573 288">
    <p class='ocr_par' dir='ltr' id='par_1_1' title="bbox 2489 219 2573 288">
     <span class='ocr_line' id='line_1_1' title="bbox 2489 219 2573 288; baseline -0.012 0"><span class='ocrx_word' id='word_1_1' title='bbox 2489 219 2573 288; x_wconf 78' lang='lat'>35</span> 
     </span>
    </p>
   </div>
   <div class='ocr_carea' id='block_1_2' title="bbox 329 408 2601 4202">
    <p class='ocr_par' dir='ltr' id='par_1_2' title="bbox 329 408 2582 2034">
     <span class='ocr_line' id='line_1_2' title="bbox 414 408 2570 494; baseline -0 -20"><span class='ocrx_word' id='word_1_2' title='bbox 414 410 598 493; x_wconf 87' lang='lat' dir='ltr'>prius</span> <span class='ocrx_word' id='word_1_3' title='bbox 655 416 770 487; x_wconf 87' lang='lat' dir='ltr'>(se.</span> <span class='ocrx_word' id='word_1_4' title='bbox 842 432 1039 493; x_wconf 91' lang='lat' dir='ltr'>quam</span> <span class='ocrx_word' id='word_1_5' title='bbox 1111 411 1405 474; x_wconf 82' lang='lat' dir='ltr'>excitare</span> <span class='ocrx_word' id='word_1_6' title='bbox 1462 408 1589 473; x_wconf 90' lang='lat' dir='ltr'>tibi</span> <span class='ocrx_word' id='word_1_7' title='bbox 1645 410 2027 494; x_wconf 82' lang='lat' dir='ltr'>contigerit)</span> <span class='ocrx_word' id='word_1_8' title='bbox 2088 409 2267 474; x_wconf 88' lang='lat' dir='ltr'>aliud</span> <span class='ocrx_word' id='word_1_9' title='bbox 2322 409 2570 475; x_wconf 89' lang='lat' dir='ltr'>malum</span> 
     </span>
     <span class='ocr_line' id='line_1_3' title="bbox 414 510 2572 595; baseline -0 -18"><span class='ocrx_word' id='word_1_10' title='bbox 414 533 647 577; x_wconf 88' lang='lat' dir='ltr'>vereor</span> <span class='ocrx_word' id='word_1_11' title='bbox 732 534 816 576; x_wconf 92' lang='lat' dir='ltr'>ne</span> <span class='ocrx_word' id='word_1_12' title='bbox 914 512 1039 577; x_wconf 91' lang='lat' dir='ltr'>tibi</span> <span class='ocrx_word' id='word_1_13' title='bbox 1136 511 1406 575; x_wconf 86' lang='lat' dir='ltr'>accidat.</span> <span class='ocrx_word' id='word_1_14' title='bbox 1528 510 1698 575; x_wconf 89' lang='lat' dir='ltr'>Post</span> <span class='ocrx_word' id='word_1_15' title='bbox 1783 512 2183 576; x_wconf 87' lang='lat' dir='ltr'>sententiam</span> <span class='ocrx_word' id='word_1_16' title='bbox 2274 520 2572 595; x_wconf 87' lang='lat' dir='ltr'>tempore</span> 
     </span>
     <span class='ocr_line' id='line_1_4' title="bbox 412 614 2574 699; baseline -0 -19"><span class='ocrx_word' id='word_1_17' title='bbox 412 616 770 698; x_wconf 88' lang='lat' dir='ltr'>praeterito</span> <span class='ocrx_word' id='word_1_18' title='bbox 801 636 1182 699; x_wconf 79' lang='lat' dir='ltr'>expressam</span> <span class='ocrx_word' id='word_1_19' title='bbox 1214 617 1336 697; x_wconf 78' lang='grc' dir='ltr'><em>πρίν</em></span> <span class='ocrx_word' id='word_1_20' title='bbox 1367 635 1514 679; x_wconf 89' lang='lat' dir='ltr'>sero</span> <span class='ocrx_word' id='word_1_21' title='bbox 1557 614 1629 678; x_wconf 91' lang='lat' dir='ltr'>in</span> <span class='ocrx_word' id='word_1_22' title='bbox 1660 635 1879 679; x_wconf 87' lang='lat' dir='ltr'>merae</span> <span class='ocrx_word' id='word_1_23' title='bbox 1925 615 2414 679; x_wconf 88' lang='lat' dir='ltr'>coniunctionis</span> <span class='ocrx_word' id='word_1_24' title='bbox 2458 636 2574 679; x_wconf 89' lang='lat' dir='ltr'>na-</span> 
     </span>
     <span class='ocr_line' id='line_1_5' title="bbox 412 717 2573 800; baseline -0.001 -17"><span class='ocrx_word' id='word_1_25' title='bbox 412 726 632 783; x_wconf 89' lang='lat' dir='ltr'>turam</span> <span class='ocrx_word' id='word_1_26' title='bbox 692 719 1041 784; x_wconf 73' lang='lat' dir='ltr'>transiisse</span> <span class='ocrx_word' id='word_1_27' title='bbox 1099 718 1418 784; x_wconf 84' lang='lat' dir='ltr'>vidimus:</span> <span class='ocrx_word' id='word_1_28' title='bbox 1487 717 1918 783; x_wconf 73' lang='lat' dir='ltr'>antecedente</span> <span class='ocrx_word' id='word_1_29' title='bbox 1986 724 2282 800; x_wconf 86' lang='lat' dir='ltr'>tempore</span> <span class='ocrx_word' id='word_1_30' title='bbox 2347 719 2573 781; x_wconf 86' lang='lat' dir='ltr'>futuro</span> 
     </span>
     <span class='ocr_line' id='line_1_6' title="bbox 411 819 2582 904; baseline -0 -20"><span class='ocrx_word' id='word_1_31' title='bbox 411 822 572 885; x_wconf 90' lang='lat' dir='ltr'>haec</span> <span class='ocrx_word' id='word_1_32' title='bbox 617 829 693 885; x_wconf 89' lang='lat' dir='ltr'>ut</span> <span class='ocrx_word' id='word_1_33' title='bbox 737 822 834 886; x_wconf 88' lang='lat' dir='ltr'>ita</span> <span class='ocrx_word' id='word_1_34' title='bbox 877 821 1091 887; x_wconf 90' lang='lat' dir='ltr'>dicam</span> <span class='ocrx_word' id='word_1_35' title='bbox 1136 820 1691 904; x_wconf 72' lang='lat' dir='ltr'>metamorphosis</span> <span class='ocrx_word' id='word_1_36' title='bbox 1735 821 1869 884; x_wconf 87' lang='lat' dir='ltr'>iam</span> <span class='ocrx_word' id='word_1_37' title='bbox 1915 821 1987 884; x_wconf 89' lang='lat' dir='ltr'>in</span> <span class='ocrx_word' id='word_1_38' title='bbox 2014 819 2295 884; x_wconf 86' lang='lat' dir='ltr'>Homeri</span> <span class='ocrx_word' id='word_1_39' title='bbox 2341 820 2582 883; x_wconf 61' lang='lat' dir='ltr'>carmi*</span> 
     </span>
     <span class='ocr_line' id='line_1_7' title="bbox 410 923 2576 1007; baseline -0.001 -20"><span class='ocrx_word' id='word_1_40' title='bbox 410 923 608 988; x_wconf 90' lang='lat' dir='ltr'>nibus</span> <span class='ocrx_word' id='word_1_41' title='bbox 665 923 959 1007; x_wconf 87' lang='lat' dir='ltr'>perfecta·</span> <span class='ocrx_word' id='word_1_42' title='bbox 1013 932 1133 1003; x_wconf 86' lang='lat' dir='ltr'>est,</span> <span class='ocrx_word' id='word_1_43' title='bbox 1203 925 1299 989; x_wconf 89' lang='lat' dir='ltr'>ita</span> <span class='ocrx_word' id='word_1_44' title='bbox 1351 932 1429 988; x_wconf 89' lang='lat' dir='ltr'>ut</span> <span class='ocrx_word' id='word_1_45' title='bbox 1489 925 1705 988; x_wconf 79' lang='lat' dir='ltr'>sexies</span> <span class='ocrx_word' id='word_1_46' title='bbox 1762 929 2113 987; x_wconf 88' lang='lat' dir='ltr'>occurrant</span> <span class='ocrx_word' id='word_1_47' title='bbox 2164 923 2576 987; x_wconf 87' lang='lat' dir='ltr'>coniunctivi</span> 
     </span>
     <span class='ocr_line' id='line_1_8' title="bbox 413 1024 2578 1110; baseline -0 -20"><span class='ocrx_word' id='word_1_48' title='bbox 413 1032 564 1091; x_wconf 81' lang='lat' dir='ltr'>cum&#39;</span> <span class='ocrx_word' id='word_1_49' title='bbox 606 1028 731 1108; x_wconf 80' lang='grc' dir='ltr'><em>πρίν</em></span> <span class='ocrx_word' id='word_1_50' title='bbox 772 1028 1235 1092; x_wconf 84' lang='grc'>0011111110110110</span> <span class='ocrx_word' id='word_1_51' title='bbox 1281 1028 1591 1110; x_wconf 86' lang='lat' dir='ltr'>copulati.</span> <span class='ocrx_word' id='word_1_52' title='bbox 1683 1027 1915 1108; x_wconf 88' lang='lat' dir='ltr'>Neque</span> <span class='ocrx_word' id='word_1_53' title='bbox 1958 1024 2445 1110; x_wconf 86' lang='lat' dir='ltr'>neglegendum</span> <span class='ocrx_word' id='word_1_54' title='bbox 2475 1034 2578 1090; x_wconf 89' lang='lat' dir='ltr'>est</span> 
     </span>
     <span class='ocr_line' id='line_1_9' title="bbox 412 1126 2575 1207; baseline -0 -14"><span class='ocrx_word' id='word_1_55' title='bbox 412 1152 448 1193; x_wconf 91' lang='lat' dir='ltr'>e</span> <span class='ocrx_word' id='word_1_56' title='bbox 493 1129 709 1195; x_wconf 90' lang='lat' dir='ltr'>tribus</span> <span class='ocrx_word' id='word_1_57' title='bbox 754 1130 984 1195; x_wconf 80' lang='lat' dir='ltr'>Iliadis</span> <span class='ocrx_word' id='word_1_58' title='bbox 1040 1131 1203 1195; x_wconf 90' lang='lat' dir='ltr'>locis</span> <span class='ocrx_word' id='word_1_59' title='bbox 1250 1130 1414 1196; x_wconf 90' lang='lat' dir='ltr'>duos</span> <span class='ocrx_word' id='word_1_60' title='bbox 1461 1133 1532 1196; x_wconf 89' lang='lat' dir='ltr'>in</span> <span class='ocrx_word' id='word_1_61' title='bbox 1578 1131 1749 1195; x_wconf 92' lang='lat' dir='ltr'>libro</span> <span class='ocrx_word' id='word_1_62' title='bbox 1782 1129 2312 1195; x_wconf 82' lang='lat' dir='ltr'>duodevicesimo</span> <span class='ocrx_word' id='word_1_63' title='bbox 2343 1130 2427 1207; x_wconf 91' lang='grc' dir='ltr'>(Σ</span> <span class='ocrx_word' id='word_1_64' title='bbox 2457 1126 2575 1194; x_wconf 77' lang='grc'>134</span> 
     </span>
     <span class='ocr_line' id='line_1_10' title="bbox 412 1231 2575 1316; baseline -0.002 -16"><span class='ocrx_word' id='word_1_65' title='bbox 412 1240 480 1297; x_wconf 88' lang='grc'>01</span> <span class='ocrx_word' id='word_1_66' title='bbox 542 1231 712 1312; x_wconf 86' lang='grc'>189),</span> <span class='ocrx_word' id='word_1_67' title='bbox 782 1235 894 1316; x_wconf 90' lang='lat' dir='ltr'>qui</span> <span class='ocrx_word' id='word_1_68' title='bbox 950 1235 1273 1294; x_wconf 79' lang='grc' dir='ltr'><em>ὁπλοποεΐαν</em></span> <span class='ocrx_word' id='word_1_69' title='bbox 1341 1235 1673 1313; x_wconf 87' lang='grc'>0011111101,</span> <span class='ocrx_word' id='word_1_70' title='bbox 1751 1255 1960 1298; x_wconf 90' lang='lat' dir='ltr'>unum</span> <span class='ocrx_word' id='word_1_71' title='bbox 2029 1234 2100 1297; x_wconf 90' lang='grc'>111</span> <span class='ocrx_word' id='word_1_72' title='bbox 2156 1233 2394 1298; x_wconf 90' lang='lat' dir='ltr'>ultimo</span> <span class='ocrx_word' id='word_1_73' title='bbox 2462 1233 2575 1315; x_wconf 94' lang='grc'>(1111</span> 
     </span>
     <span class='ocr_line' id='line_1_11' title="bbox 409 1335 2577 1419; baseline 0.001 -24"><span class='ocrx_word' id='word_1_74' title='bbox 409 1336 708 1419; x_wconf 72' lang='grc' dir='ltr'><em>κλαυθμυί</em></span> <span class='ocrx_word' id='word_1_75' title='bbox 737 1338 1129 1402; x_wconf 76' lang='lat' dir='ltr'>inscribitur</span> <span class='ocrx_word' id='word_1_76' title='bbox 1172 1338 1346 1402; x_wconf 92' lang='lat' dir='ltr'>libro</span> <span class='ocrx_word' id='word_1_77' title='bbox 1392 1338 1709 1414; x_wconf 88' lang='lat' dir='ltr'>inveniri,</span> <span class='ocrx_word' id='word_1_78' title='bbox 1756 1357 1920 1419; x_wconf 90' lang='lat' dir='ltr'>quos</span> <span class='ocrx_word' id='word_1_79' title='bbox 1967 1335 2174 1400; x_wconf 90' lang='lat' dir='ltr'>libros</span> <span class='ocrx_word' id='word_1_80' title='bbox 2219 1357 2355 1400; x_wconf 88' lang='lat' dir='ltr'>non</span> <span class='ocrx_word' id='word_1_81' title='bbox 2399 1337 2577 1400; x_wconf 90' lang='lat' dir='ltr'>inter</span> 
     </span>
     <span class='ocr_line' id='line_1_12' title="bbox 412 1437 2575 1524; baseline -0.001 -20"><span class='ocrx_word' id='word_1_82' title='bbox 412 1441 811 1505; x_wconf 82' lang='lat' dir='ltr'>vetustiores</span> <span class='ocrx_word' id='word_1_83' title='bbox 879 1443 1190 1505; x_wconf 81' lang='lat' dir='ltr'>carminis</span> <span class='ocrx_word' id='word_1_84' title='bbox 1237 1450 1461 1524; x_wconf 84' lang='lat' dir='ltr'>partes</span> <span class='ocrx_word' id='word_1_85' title='bbox 1507 1439 1985 1514; x_wconf 79' lang='lat' dir='ltr'>numerandoS‚</span> <span class='ocrx_word' id='word_1_86' title='bbox 2054 1437 2171 1502; x_wconf 87' lang='lat' dir='ltr'>sed</span> <span class='ocrx_word' id='word_1_87' title='bbox 2214 1446 2429 1502; x_wconf 89' lang='lat' dir='ltr'>aetate</span> <span class='ocrx_word' id='word_1_88' title='bbox 2493 1437 2575 1502; x_wconf 91' lang='lat' dir='ltr'>ad</span> 
     </span>
     <span class='ocr_line' id='line_1_13' title="bbox 412 1536 2573 1627; baseline -0.001 -19"><span class='ocrx_word' id='word_1_89' title='bbox 412 1541 802 1627; x_wconf 81' lang='lat' dir='ltr'>Odyssea-m,</span> <span class='ocrx_word' id='word_1_90' title='bbox 850 1564 1016 1625; x_wconf 87' lang='lat' dir='ltr'>quae</span> <span class='ocrx_word' id='word_1_91' title='bbox 1061 1544 1192 1608; x_wconf 85' lang='lat' dir='ltr'>tria</span> <span class='ocrx_word' id='word_1_92' title='bbox 1236 1543 1367 1607; x_wconf 90' lang='lat' dir='ltr'>alia</span> <span class='ocrx_word' id='word_1_93' title='bbox 1411 1542 1687 1607; x_wconf 84' lang='lat' dir='ltr'>exhibet</span> <span class='ocrx_word' id='word_1_94' title='bbox 1715 1540 2020 1624; x_wconf 86' lang='lat' dir='ltr'>exempla</span> <span class='ocrx_word' id='word_1_95' title='bbox 2065 1544 2132 1616; x_wconf 90' lang='grc' dir='ltr'>(κ</span> <span class='ocrx_word' id='word_1_96' title='bbox 2168 1539 2309 1619; x_wconf 80' lang='grc'>174,</span> <span class='ocrx_word' id='word_1_97' title='bbox 2356 1560 2383 1598; x_wconf 90' lang='grc' dir='ltr'><em>ν</em></span> <span class='ocrx_word' id='word_1_98' title='bbox 2425 1536 2573 1618; x_wconf 85' lang='grc'><strong>335,</strong></span> 
     </span>
     <span class='ocr_line' id='line_1_14' title="bbox 405 1641 2572 1727; baseline -0 -19"><span class='ocrx_word' id='word_1_99' title='bbox 405 1667 446 1724; x_wconf 84' lang='grc' dir='ltr'><em>ρ</em></span> <span class='ocrx_word' id='word_1_100' title='bbox 465 1644 560 1727; x_wconf 82' lang='grc'>7),</span> <span class='ocrx_word' id='word_1_101' title='bbox 585 1646 888 1727; x_wconf 82' lang='lat' dir='ltr'>proxime</span> <span class='ocrx_word' id='word_1_102' title='bbox 915 1646 1223 1709; x_wconf 75' lang='lat' dir='ltr'>accedere</span> <span class='ocrx_word' id='word_1_103' title='bbox 1243 1647 1421 1709; x_wconf 90' lang='lat' dir='ltr'>inter</span> <span class='ocrx_word' id='word_1_104' title='bbox 1444 1666 1673 1709; x_wconf 89' lang='lat' dir='ltr'>omnes</span> <span class='ocrx_word' id='word_1_105' title='bbox 1695 1644 1832 1708; x_wconf 84' lang='lat' dir='ltr'>fere</span> <span class='ocrx_word' id='word_1_106' title='bbox 1856 1651 2134 1708; x_wconf 84' lang='lat' dir='ltr'>constat.</span> <span class='ocrx_word' id='word_1_107' title='bbox 2168 1641 2572 1726; x_wconf 85' lang='lat' dir='ltr'>Exemplum</span> 
     </span>
     <span class='ocr_line' id='line_1_15' title="bbox 410 1745 2022 1830; baseline 0.001 -21"><span class='ocrx_word' id='word_1_108' title='bbox 410 1768 629 1810; x_wconf 87' lang='lat' dir='ltr'>merae</span> <span class='ocrx_word' id='word_1_109' title='bbox 677 1747 954 1810; x_wconf 88' lang='lat' dir='ltr'>rationis</span> <span class='ocrx_word' id='word_1_110' title='bbox 1000 1747 1463 1830; x_wconf 85' lang='lat' dir='ltr'>hypotacticae</span> <span class='ocrx_word' id='word_1_111' title='bbox 1507 1755 1733 1812; x_wconf 87' lang='lat' dir='ltr'>exstat</span> <span class='ocrx_word' id='word_1_112' title='bbox 1774 1747 1829 1806; x_wconf 93' lang='grc' dir='ltr'><em>Σ</em></span> <span class='ocrx_word' id='word_1_113' title='bbox 1876 1745 2022 1810; x_wconf 73' lang='grc' dir='ltr'>134ε</span> 
     </span>
     <span class='ocr_line' id='line_1_16' title="bbox 329 1846 2165 1932; baseline 0 -23"><span class='ocrx_word' id='word_1_114' title='bbox 329 1847 332 1850; x_wconf 59' lang='grc'><strong><em>’</em></strong></span> <span class='ocrx_word' id='word_1_115' title='bbox 667 1849 811 1909; x_wconf 77' lang='grc' dir='ltr'><em>ἀλλὰ</em></span> <span class='ocrx_word' id='word_1_116' title='bbox 854 1849 925 1909; x_wconf 79' lang='grc' dir='ltr'>σὺ</span> <span class='ocrx_word' id='word_1_117' title='bbox 966 1848 1076 1930; x_wconf 82' lang='grc' dir='ltr'>μὲν</span> <span class='ocrx_word' id='word_1_118' title='bbox 1115 1850 1288 1931; x_wconf 79' lang='grc' dir='ltr'>μήπω</span> <span class='ocrx_word' id='word_1_119' title='bbox 1331 1849 1666 1911; x_wconf 81' lang='grc' dir='ltr'><em>καταδύσεο</em></span> <span class='ocrx_word' id='word_1_120' title='bbox 1706 1852 1900 1931; x_wconf 82' lang='grc' dir='ltr'><em>μῶλον</em></span> <span class='ocrx_word' id='word_1_121' title='bbox 1931 1846 2165 1932; x_wconf 75' lang='grc' dir='ltr'>”Αρηος·,</span> 
     </span>
     <span class='ocr_line' id='line_1_17' title="bbox 668 1950 2451 2034; baseline 0.001 -24"><span class='ocrx_word' id='word_1_122' title='bbox 668 1953 790 2033; x_wconf 78' lang='grc' dir='ltr'><em>πρίν</em></span> <span class='ocrx_word' id='word_1_123' title='bbox 833 1951 879 2031; x_wconf 80' lang='grc' dir='ltr'>γ’</span> <span class='ocrx_word' id='word_1_124' title='bbox 929 1950 1036 2033; x_wconf 81' lang='grc' dir='ltr'>ἐμὲ</span> <span class='ocrx_word' id='word_1_125' title='bbox 1083 1951 1235 2033; x_wconf 81' lang='grc' dir='ltr'><em>δεῦρ’</em></span> <span class='ocrx_word' id='word_1_126' title='bbox 1285 1951 1574 2013; x_wconf 72' lang='grc' dir='ltr'><em>ἐλθοῦσαν</em></span> <span class='ocrx_word' id='word_1_127' title='bbox 1597 1952 1681 2012; x_wconf 84' lang='grc' dir='ltr'>-ἐν</span> <span class='ocrx_word' id='word_1_128' title='bbox 1725 1953 2107 2034; x_wconf 76' lang='grc' dir='ltr'><em>ὀφθαλμοῖσιν</em></span> <span class='ocrx_word' id='word_1_129' title='bbox 2153 1950 2322 2034; x_wconf 74' lang='grc' dir='ltr'><em>ἴδηαι,</em></span> <span class='ocrx_word' id='word_1_130' title='bbox 2448 2029 2451 2032; x_wconf 9' lang='grc' dir='ltr'><em>ᾗ</em></span> 
     </span>
    </p>

    <p class='ocr_par' dir='ltr' id='par_1_3' title="bbox 408 2054 2601 4202">
     <span class='ocr_line' id='line_1_18' title="bbox 413 2054 2575 2144; baseline 0.001 -25"><span class='ocrx_word' id='word_1_131' title='bbox 413 2055 551 2131; x_wconf 87' lang='lat' dir='ltr'>(sed</span> <span class='ocrx_word' id='word_1_132' title='bbox 599 2064 670 2120; x_wconf 88' lang='lat' dir='ltr'>tu</span> <span class='ocrx_word' id='word_1_133' title='bbox 719 2054 984 2137; x_wconf 87' lang='lat' dir='ltr'>quidem</span> <span class='ocrx_word' id='word_1_134' title='bbox 1033 2057 1174 2120; x_wconf 91' lang='lat' dir='ltr'>noli</span> <span class='ocrx_word' id='word_1_135' title='bbox 1217 2057 1290 2120; x_wconf 91' lang='lat' dir='ltr'>in</span> <span class='ocrx_word' id='word_1_136' title='bbox 1333 2057 1662 2144; x_wconf 83' lang='lat' dir='ltr'>proelium</span> <span class='ocrx_word' id='word_1_137' title='bbox 1692 2058 1966 2135; x_wconf 86' lang='lat' dir='ltr'>irruere,</span> <span class='ocrx_word' id='word_1_138' title='bbox 2013 2057 2198 2140; x_wconf 88' lang='lat' dir='ltr'>prius</span> <span class='ocrx_word' id='word_1_139' title='bbox 2246 2057 2423 2120; x_wconf 89' lang='lat' dir='ltr'>enim</span> <span class='ocrx_word' id='word_1_140' title='bbox 2468 2079 2575 2122; x_wconf 92' lang='lat' dir='ltr'>me</span> 
     </span>
     <span class='ocr_line' id='line_1_19' title="bbox 412 2158 2574 2244; baseline -0 -22"><span class='ocrx_word' id='word_1_141' title='bbox 412 2158 527 2222; x_wconf 89' lang='lat' dir='ltr'>abs</span> <span class='ocrx_word' id='word_1_142' title='bbox 576 2167 640 2222; x_wconf 91' lang='lat' dir='ltr'>te</span> <span class='ocrx_word' id='word_1_143' title='bbox 687 2159 983 2242; x_wconf 82' lang='lat' dir='ltr'>conspici</span> <span class='ocrx_word' id='word_1_144' title='bbox 1028 2158 1204 2237; x_wconf 85' lang='lat' dir='ltr'>volo,</span> <span class='ocrx_word' id='word_1_145' title='bbox 1252 2159 1320 2223; x_wconf 91' lang='lat' dir='ltr'>id</span> <span class='ocrx_word' id='word_1_146' title='bbox 1365 2173 1494 2224; x_wconf 88' lang='lat' dir='ltr'>est:</span> <span class='ocrx_word' id='word_1_147' title='bbox 1542 2161 1927 2243; x_wconf 87' lang='lat' dir='ltr'>priusquam</span> <span class='ocrx_word' id='word_1_148' title='bbox 1965 2181 2070 2224; x_wconf 90' lang='lat' dir='ltr'>me</span> <span class='ocrx_word' id='word_1_149' title='bbox 2102 2161 2574 2244; x_wconf 83' lang='lat' dir='ltr'>conspexeris).</span> 
     </span>
     <span class='ocr_line' id='line_1_20' title="bbox 417 2259 2573 2348; baseline 0.001 -22"><span class='ocrx_word' id='word_1_150' title='bbox 417 2259 685 2326; x_wconf 81' lang='lat' dir='ltr'>Sensim</span> <span class='ocrx_word' id='word_1_151' title='bbox 758 2263 1136 2346; x_wconf 84' lang='lat' dir='ltr'>sensimque</span> <span class='ocrx_word' id='word_1_152' title='bbox 1209 2284 1293 2327; x_wconf 86' lang='lat' dir='ltr'>ex</span> <span class='ocrx_word' id='word_1_153' title='bbox 1380 2264 1685 2345; x_wconf 75' lang='lat' dir='ltr'>pai-ataxi</span> <span class='ocrx_word' id='word_1_154' title='bbox 1774 2264 1853 2329; x_wconf 89' lang='lat' dir='ltr'>fit</span> <span class='ocrx_word' id='word_1_155' title='bbox 1938 2262 2399 2348; x_wconf 84' lang='lat' dir='ltr'>agglutinatio‚</span> <span class='ocrx_word' id='word_1_156' title='bbox 2489 2285 2573 2328; x_wconf 90' lang='lat' dir='ltr'>ex</span> 
     </span>
     <span class='ocr_line' id='line_1_21' title="bbox 412 2366 2573 2453; baseline 0.001 -23"><span class='ocrx_word' id='word_1_157' title='bbox 412 2368 939 2451; x_wconf 84' lang='lat' dir='ltr'>agglutinatione</span> <span class='ocrx_word' id='word_1_158' title='bbox 1013 2367 1488 2432; x_wconf 88' lang='lat' dir='ltr'>subordinatio.</span> <span class='ocrx_word' id='word_1_159' title='bbox 1614 2366 2188 2448; x_wconf 76' lang='lat' dir='ltr'>Quemadmodum</span> <span class='ocrx_word' id='word_1_160' title='bbox 2277 2375 2573 2453; x_wconf 87' lang='lat' dir='ltr'>tempore</span> 
     </span>
     <span class='ocr_line' id='line_1_22' title="bbox 410 2470 2570 2555; baseline 0.001 -22"><span class='ocrx_word' id='word_1_161' title='bbox 410 2472 768 2553; x_wconf 86' lang='lat' dir='ltr'>praeterito</span> <span class='ocrx_word' id='word_1_162' title='bbox 845 2470 1277 2536; x_wconf 85' lang='lat' dir='ltr'>antecedente</span> <span class='ocrx_word' id='word_1_163' title='bbox 1350 2470 1789 2537; x_wconf 83' lang='lat' dir='ltr'>indicativum</span> <span class='ocrx_word' id='word_1_164' title='bbox 1832 2545 1848 2555; x_wconf 47' lang='lat'><strong>·</strong></span> <span class='ocrx_word' id='word_1_165' title='bbox 1876 2470 2267 2553; x_wconf 89' lang='lat' dir='ltr'>plerumque</span> <span class='ocrx_word' id='word_1_166' title='bbox 2341 2472 2570 2536; x_wconf 87' lang='lat' dir='ltr'>aoristi</span> 
     </span>
     <span class='ocr_line' id='line_1_23' title="bbox 408 2575 2569 2659; baseline 0.001 -20"><span class='ocrx_word' id='word_1_167' title='bbox 408 2577 567 2658; x_wconf 87' lang='lat' dir='ltr'>poni</span> <span class='ocrx_word' id='word_1_168' title='bbox 612 2584 1130 2641; x_wconf 83' lang='lat' dir='ltr'>consentaneum</span> <span class='ocrx_word' id='word_1_169' title='bbox 1160 2584 1282 2654; x_wconf 89' lang='lat' dir='ltr'>est,</span> <span class='ocrx_word' id='word_1_170' title='bbox 1329 2576 1642 2658; x_wconf 86' lang='lat' dir='ltr'>quoniam</span> <span class='ocrx_word' id='word_1_171' title='bbox 1671 2575 1754 2640; x_wconf 89' lang='lat' dir='ltr'>de</span> <span class='ocrx_word' id='word_1_172' title='bbox 1797 2596 1869 2639; x_wconf 85' lang='lat' dir='ltr'>re</span> <span class='ocrx_word' id='word_1_173' title='bbox 1916 2597 2072 2640; x_wconf 89' lang='lat' dir='ltr'>vere</span> <span class='ocrx_word' id='word_1_174' title='bbox 2113 2575 2289 2640; x_wconf 87' lang='lat' dir='ltr'>faeta</span> <span class='ocrx_word' id='word_1_175' title='bbox 2330 2577 2569 2659; x_wconf 82' lang='lat' dir='ltr'>agitur,</span> 
     </span>
     <span class='ocr_line' id='line_1_24' title="bbox 408 2676 2570 2762; baseline -0 -20"><span class='ocrx_word' id='word_1_176' title='bbox 408 2679 502 2742; x_wconf 90' lang='lat' dir='ltr'>sic</span> <span class='ocrx_word' id='word_1_177' title='bbox 560 2687 857 2762; x_wconf 83' lang='lat' dir='ltr'>tempore</span> <span class='ocrx_word' id='word_1_178' title='bbox 912 2679 1139 2743; x_wconf 81' lang='lat' dir='ltr'>futuro</span> <span class='ocrx_word' id='word_1_179' title='bbox 1205 2678 1641 2762; x_wconf 86' lang='lat' dir='ltr'>praecedente</span> <span class='ocrx_word' id='word_1_180' title='bbox 1698 2700 1835 2741; x_wconf 90' lang='grc'>11011</span> <span class='ocrx_word' id='word_1_181' title='bbox 1900 2678 2145 2746; x_wconf 86' lang='lat' dir='ltr'>mirum</span> <span class='ocrx_word' id='word_1_182' title='bbox 2212 2676 2570 2755; x_wconf 83' lang='lat' dir='ltr'>videbitur,</span> 
     </span>
     <span class='ocr_line' id='line_1_25' title="bbox 409 2781 2566 2863; baseline 0 -19"><span class='ocrx_word' id='word_1_183' title='bbox 409 2781 581 2863; x_wconf 90' lang='lat' dir='ltr'>quod</span> <span class='ocrx_word' id='word_1_184' title='bbox 627 2783 1093 2846; x_wconf 87' lang='lat' dir='ltr'>coniunctivus</span> <span class='ocrx_word' id='word_1_185' title='bbox 1140 2783 1262 2862; x_wconf 80' lang='grc' dir='ltr'><em>πρίν</em></span> <span class='ocrx_word' id='word_1_186' title='bbox 1307 2781 1842 2845; x_wconf 88' lang='lat' dir='ltr'>coniunctionem</span> <span class='ocrx_word' id='word_1_187' title='bbox 1889 2781 2207 2862; x_wconf 88' lang='lat' dir='ltr'>sequitur,</span> <span class='ocrx_word' id='word_1_188' title='bbox 2255 2781 2566 2861; x_wconf 89' lang='lat' dir='ltr'>quoniam</span> 
     </span>
     <span class='ocr_line' id='line_1_26' title="bbox 409 2881 2573 2966; baseline 0 -20"><span class='ocrx_word' id='word_1_189' title='bbox 409 2884 668 2946; x_wconf 86' lang='lat' dir='ltr'>notioni</span> <span class='ocrx_word' id='word_1_190' title='bbox 721 2883 933 2947; x_wconf 85' lang='lat' dir='ltr'>futuri</span> <span class='ocrx_word' id='word_1_191' title='bbox 990 2885 1210 2947; x_wconf 86' lang='lat' dir='ltr'>exacti</span> <span class='ocrx_word' id='word_1_192' title='bbox 1267 2885 1514 2965; x_wconf 86' lang='lat' dir='ltr'>optime</span> <span class='ocrx_word' id='word_1_193' title='bbox 1579 2882 1956 2966; x_wconf 87' lang='lat' dir='ltr'>respondet.</span> <span class='ocrx_word' id='word_1_194' title='bbox 2060 2881 2277 2962; x_wconf 79' lang='lat' dir='ltr'>Quam</span> <span class='ocrx_word' id='word_1_195' title='bbox 2343 2884 2416 2947; x_wconf 91' lang='lat' dir='ltr'>in</span> <span class='ocrx_word' id='word_1_196' title='bbox 2470 2885 2573 2947; x_wconf 89' lang='lat' dir='ltr'>in-</span> 
     </span>
     <span class='ocr_line' id='line_1_27' title="bbox 410 2983 2574 3066; baseline 0 -19"><span class='ocrx_word' id='word_1_197' title='bbox 410 2985 695 3050; x_wconf 88' lang='lat' dir='ltr'>finitivis</span> <span class='ocrx_word' id='word_1_198' title='bbox 743 2984 1173 3066; x_wconf 87' lang='lat' dir='ltr'>disponendis</span> <span class='ocrx_word' id='word_1_199' title='bbox 1221 2985 1577 3047; x_wconf 81' lang='lat' dir='ltr'>statuimus</span> <span class='ocrx_word' id='word_1_200' title='bbox 1615 2983 2133 3061; x_wconf 86' lang='lat' dir='ltr'>distinctionem,</span> <span class='ocrx_word' id='word_1_201' title='bbox 2180 2985 2456 3052; x_wconf 90' lang='lat' dir='ltr'>eandem</span> <span class='ocrx_word' id='word_1_202' title='bbox 2501 2986 2574 3049; x_wconf 88' lang='lat' dir='ltr'>in</span> 
     </span>
     <span class='ocr_line' id='line_1_28' title="bbox 409 3086 2572 3169; baseline 0.001 -19"><span class='ocrx_word' id='word_1_203' title='bbox 409 3087 623 3151; x_wconf 89' lang='lat' dir='ltr'>modis</span> <span class='ocrx_word' id='word_1_204' title='bbox 666 3088 880 3152; x_wconf 89' lang='lat' dir='ltr'>finitis</span> <span class='ocrx_word' id='word_1_205' title='bbox 927 3086 1291 3152; x_wconf 83' lang='lat' dir='ltr'>tractandis</span> <span class='ocrx_word' id='word_1_206' title='bbox 1339 3107 1721 3168; x_wconf 88' lang='lat' dir='ltr'>sequemur;</span> <span class='ocrx_word' id='word_1_207' title='bbox 1767 3108 1931 3165; x_wconf 91' lang='lat' dir='ltr'>eam,</span> <span class='ocrx_word' id='word_1_208' title='bbox 1979 3108 2108 3169; x_wconf 90' lang='lat' dir='ltr'>qua</span> <span class='ocrx_word' id='word_1_209' title='bbox 2150 3088 2572 3153; x_wconf 89' lang='lat' dir='ltr'>enuntiatum</span> 
     </span>
     <span class='ocr_line' id='line_1_29' title="bbox 409 3190 2572 3274; baseline 0.001 -20"><span class='ocrx_word' id='word_1_210' title='bbox 409 3190 754 3255; x_wconf 86' lang='lat' dir='ltr'>dominatu</span> <span class='ocrx_word' id='word_1_211' title='bbox 810 3190 1177 3255; x_wconf 87' lang='lat' dir='ltr'>sententiae</span> <span class='ocrx_word' id='word_1_212' title='bbox 1234 3191 1591 3273; x_wconf 84' lang='lat' dir='ltr'>primariae</span> <span class='ocrx_word' id='word_1_213' title='bbox 1644 3190 2002 3255; x_wconf 86' lang='lat' dir='ltr'>liberatum</span> <span class='ocrx_word' id='word_1_214' title='bbox 2056 3191 2246 3274; x_wconf 85' lang='lat' dir='ltr'>quasi</span> <span class='ocrx_word' id='word_1_215' title='bbox 2311 3212 2431 3274; x_wconf 89' lang='lat' dir='ltr'>per</span> <span class='ocrx_word' id='word_1_216' title='bbox 2502 3212 2572 3256; x_wconf 90' lang='lat' dir='ltr'>se</span> 
     </span>
     <span class='ocr_line' id='line_1_30' title="bbox 412 3292 2571 3377; baseline 0.002 -20"><span class='ocrx_word' id='word_1_217' title='bbox 412 3302 690 3372; x_wconf 88' lang='lat' dir='ltr'>constat,</span> <span class='ocrx_word' id='word_1_218' title='bbox 749 3295 1076 3358; x_wconf 87' lang='lat' dir='ltr'>rationem</span> <span class='ocrx_word' id='word_1_219' title='bbox 1130 3292 1519 3371; x_wconf 82' lang='lat' dir='ltr'>indicative,</span> <span class='ocrx_word' id='word_1_220' title='bbox 1581 3315 1745 3373; x_wconf 86' lang='lat' dir='ltr'>eam,</span> <span class='ocrx_word' id='word_1_221' title='bbox 1802 3316 1931 3377; x_wconf 89' lang='lat' dir='ltr'>qua</span> <span class='ocrx_word' id='word_1_222' title='bbox 1986 3294 2271 3360; x_wconf 88' lang='lat' dir='ltr'>subiecti</span> <span class='ocrx_word' id='word_1_223' title='bbox 2328 3294 2571 3361; x_wconf 89' lang='lat' dir='ltr'>iudicio</span> 
     </span>
     <span class='ocr_line' id='line_1_31' title="bbox 412 3395 2571 3483; baseline 0.002 -24"><span class='ocrx_word' id='word_1_224' title='bbox 412 3395 918 3461; x_wconf 87' lang='lat' dir='ltr'>subordinatum</span> <span class='ocrx_word' id='word_1_225' title='bbox 975 3404 1096 3474; x_wconf 88' lang='lat' dir='ltr'>est,</span> <span class='ocrx_word' id='word_1_226' title='bbox 1155 3396 1582 3462; x_wconf 82' lang='lat' dir='ltr'>coniunctivo</span> <span class='ocrx_word' id='word_1_227' title='bbox 1639 3396 2073 3463; x_wconf 83' lang='lat' dir='ltr'>vindicamus.</span> <span class='ocrx_word' id='word_1_228' title='bbox 2177 3399 2277 3463; x_wconf 87' lang='lat' dir='ltr'>Ac</span> <span class='ocrx_word' id='word_1_229' title='bbox 2322 3399 2381 3462; x_wconf 90' lang='lat' dir='ltr'>si</span> <span class='ocrx_word' id='word_1_230' title='bbox 2423 3400 2571 3483; x_wconf 88' lang='lat' dir='ltr'>quis</span> 
     </span>
     <span class='ocr_line' id='line_1_32' title="bbox 411 3494 2601 3585; baseline 0.001 -22"><span class='ocrx_word' id='word_1_231' title='bbox 411 3509 701 3582; x_wconf 84' lang='lat' dir='ltr'>quaerat,</span> <span class='ocrx_word' id='word_1_232' title='bbox 747 3521 876 3583; x_wconf 89' lang='lat' dir='ltr'>qua</span> <span class='ocrx_word' id='word_1_233' title='bbox 904 3501 977 3564; x_wconf 91' lang='lat' dir='ltr'>in</span> <span class='ocrx_word' id='word_1_234' title='bbox 1006 3522 1078 3564; x_wconf 88' lang='lat' dir='ltr'>re</span> <span class='ocrx_word' id='word_1_235' title='bbox 1108 3500 1454 3583; x_wconf 85' lang='lat' dir='ltr'>praecipua</span> <span class='ocrx_word' id='word_1_236' title='bbox 1489 3501 1668 3565; x_wconf 88' lang='lat' dir='ltr'>inter</span> <span class='ocrx_word' id='word_1_237' title='bbox 1713 3503 1836 3584; x_wconf 73' lang='grc' dir='ltr'><em>τςοίν</em></span> <span class='ocrx_word' id='word_1_238' title='bbox 1866 3501 2258 3585; x_wconf 88' lang='lat' dir='ltr'>particulam</span> <span class='ocrx_word' id='word_1_239' title='bbox 2292 3522 2441 3575; x_wconf 84' lang='lat' dir='ltr'>cum</span> <span class='ocrx_word' id='word_1_240' title='bbox 2470 3503 2573 3566; x_wconf 90' lang='lat' dir='ltr'>in-</span> <span class='ocrx_word' id='word_1_241' title='bbox 2597 3494 2601 3498; x_wconf 39' lang='lat'><strong>⁴</strong></span> 
     </span>
     <span class='ocr_line' id='line_1_33' title="bbox 411 3603 2573 3689; baseline 0.001 -22"><span class='ocrx_word' id='word_1_242' title='bbox 411 3604 679 3668; x_wconf 86' lang='lat' dir='ltr'>finitive</span> <span class='ocrx_word' id='word_1_243' title='bbox 711 3611 778 3667; x_wconf 92' lang='lat' dir='ltr'>et</span> <span class='ocrx_word' id='word_1_244' title='bbox 809 3625 959 3668; x_wconf 90' lang='lat' dir='ltr'>cum</span> <span class='ocrx_word' id='word_1_245' title='bbox 989 3603 1182 3668; x_wconf 89' lang='lat' dir='ltr'>modo</span> <span class='ocrx_word' id='word_1_246' title='bbox 1215 3604 1410 3667; x_wconf 89' lang='lat' dir='ltr'>finito</span> <span class='ocrx_word' id='word_1_247' title='bbox 1444 3605 1865 3669; x_wconf 90' lang='lat' dir='ltr'>coniunctam</span> <span class='ocrx_word' id='word_1_248' title='bbox 1892 3604 2336 3689; x_wconf 85' lang='lat' dir='ltr'>discrepantia</span> <span class='ocrx_word' id='word_1_249' title='bbox 2357 3605 2573 3688; x_wconf 86' lang='lat' dir='ltr'>posita</span> 
     </span>
     <span class='ocr_line' id='line_1_34' title="bbox 408 3705 2571 3792; baseline 0 -21"><span class='ocrx_word' id='word_1_250' title='bbox 408 3708 517 3785; x_wconf 89' lang='lat' dir='ltr'>sit,</span> <span class='ocrx_word' id='word_1_251' title='bbox 565 3707 825 3771; x_wconf 88' lang='lat' dir='ltr'>ratione</span> <span class='ocrx_word' id='word_1_252' title='bbox 869 3705 1084 3790; x_wconf 82' lang='lat' dir='ltr'>logica</span> <span class='ocrx_word' id='word_1_253' title='bbox 1126 3705 1449 3770; x_wconf 85' lang='lat' dir='ltr'>subducta</span> <span class='ocrx_word' id='word_1_254' title='bbox 1491 3707 1684 3772; x_wconf 82' lang='lat' dir='ltr'>facile</span> <span class='ocrx_word' id='word_1_255' title='bbox 1729 3708 2001 3792; x_wconf 88' lang='lat' dir='ltr'>patebit.</span> <span class='ocrx_word' id='word_1_256' title='bbox 2106 3709 2191 3774; x_wconf 84' lang='lat' dir='ltr'>In</span> <span class='ocrx_word' id='word_1_257' title='bbox 2236 3709 2571 3791; x_wconf 86' lang='lat' dir='ltr'>prooemio</span> 
     </span>
     <span class='ocr_line' id='line_1_35' title="bbox 410 3808 2573 3895; baseline 0 -22"><span class='ocrx_word' id='word_1_258' title='bbox 410 3810 572 3873; x_wconf 88' lang='lat' dir='ltr'>satis</span> <span class='ocrx_word' id='word_1_259' title='bbox 616 3810 788 3874; x_wconf 88' lang='lat' dir='ltr'>mihi</span> <span class='ocrx_word' id='word_1_260' title='bbox 834 3808 1321 3874; x_wconf 84' lang='lat' dir='ltr'>demonstrasse</span> <span class='ocrx_word' id='word_1_261' title='bbox 1364 3809 1615 3887; x_wconf 87' lang='lat' dir='ltr'>videor,</span> <span class='ocrx_word' id='word_1_262' title='bbox 1662 3810 1721 3875; x_wconf 92' lang='lat' dir='ltr'>si</span> <span class='ocrx_word' id='word_1_263' title='bbox 1758 3810 2140 3876; x_wconf 86' lang='lat' dir='ltr'>infinitivus</span> <span class='ocrx_word' id='word_1_264' title='bbox 2178 3810 2573 3895; x_wconf 84' lang='lat' dir='ltr'>particulam</span> 
     </span>
     <span class='ocr_line' id='line_1_36' title="bbox 408 3912 2574 3997; baseline 0.002 -25"><span class='ocrx_word' id='word_1_265' title='bbox 408 3915 533 3996; x_wconf 84' lang='grc' dir='ltr'><em>πρίν</em></span> <span class='ocrx_word' id='word_1_266' title='bbox 578 3920 895 3997; x_wconf 88' lang='lat' dir='ltr'>sequatur</span> <span class='ocrx_word' id='word_1_267' title='bbox 939 3913 1011 3977; x_wconf 89' lang='lat' dir='ltr'>in</span> <span class='ocrx_word' id='word_1_268' title='bbox 1054 3912 1268 3976; x_wconf 89' lang='lat' dir='ltr'>medio</span> <span class='ocrx_word' id='word_1_269' title='bbox 1329 3912 1636 3996; x_wconf 88' lang='lat' dir='ltr'>relinqui,</span> <span class='ocrx_word' id='word_1_270' title='bbox 1699 3920 1928 3977; x_wconf 90' lang='lat' dir='ltr'>utrum</span> <span class='ocrx_word' id='word_1_271' title='bbox 1969 3914 2141 3977; x_wconf 90' lang='lat' dir='ltr'>actio</span> <span class='ocrx_word' id='word_1_272' title='bbox 2188 3912 2574 3977; x_wconf 86' lang='lat' dir='ltr'>secundaria</span> 
     </span>
     <span class='ocr_line' id='line_1_37' title="bbox 412 4012 2572 4094; baseline -0.003 -14"><span class='ocrx_word' id='word_1_273' title='bbox 412 4018 532 4080; x_wconf 89' lang='lat' dir='ltr'>fiat</span> <span class='ocrx_word' id='word_1_274' title='bbox 589 4039 816 4094; x_wconf 90' lang='lat' dir='ltr'>necne,</span> <span class='ocrx_word' id='word_1_275' title='bbox 886 4015 1002 4080; x_wconf 90' lang='lat' dir='ltr'>sed</span> <span class='ocrx_word' id='word_1_276' title='bbox 1055 4015 1126 4079; x_wconf 91' lang='grc'>1(1</span> <span class='ocrx_word' id='word_1_277' title='bbox 1186 4023 1446 4082; x_wconf 84' lang='lat' dir='ltr'>tantum</span> <span class='ocrx_word' id='word_1_278' title='bbox 1514 4014 1875 4080; x_wconf 91' lang='lat' dir='ltr'>tenendum</span> <span class='ocrx_word' id='word_1_279' title='bbox 1943 4037 2105 4093; x_wconf 89' lang='lat' dir='ltr'>esse,</span> <span class='ocrx_word' id='word_1_280' title='bbox 2174 4012 2572 4078; x_wconf 88' lang='lat' dir='ltr'>sententiam</span> 
     </span>
     <span class='ocr_line' id='line_1_38' title="bbox 414 4115 2570 4202; baseline -0.003 -21"><span class='ocrx_word' id='word_1_281' title='bbox 414 4119 794 4202; x_wconf 88' lang='lat' dir='ltr'>primariam</span> <span class='ocrx_word' id='word_1_282' title='bbox 838 4126 992 4184; x_wconf 88' lang='lat' dir='ltr'>ante</span> <span class='ocrx_word' id='word_1_283' title='bbox 1037 4119 1206 4195; x_wconf 81' lang='lat' dir='ltr'>(sive</span> <span class='ocrx_word' id='word_1_284' title='bbox 1262 4139 1395 4182; x_wconf 90' lang='lat' dir='ltr'>non</span> <span class='ocrx_word' id='word_1_285' title='bbox 1456 4123 1636 4195; x_wconf 89' lang='lat' dir='ltr'>ante)</span> <span class='ocrx_word' id='word_1_286' title='bbox 1690 4118 2145 4184; x_wconf 87' lang='lat' dir='ltr'>secundariam</span> <span class='ocrx_word' id='word_1_287' title='bbox 2189 4115 2570 4200; x_wconf 82' lang='lat' dir='ltr'>perfectam,</span> 
     </span>
    </p>
   </div>
  </div>
 </body>
</html>
