3088 4580
2542 283 2624 349 49

455 473 862 557 respicimus,
886 472 1001 555 qui
1024 471 1453 536 antecedente
1472 471 1825 557 negatione
1846 472 2260 537 infinitivum
2280 470 2621 555 praebent,

457 576 645 641 velut
687 577 773 653 V,
830 575 922 652 10,
970 573 1008 640 3
1056 581 1124 638 et
1168 574 1329 652 VII,
1379 574 1481 653 50,
1527 573 1588 653 4,
1659 575 1738 639 de
1803 574 2041 656 quibus
2107 595 2307 658 supra
2364 574 2618 639 dictum

458 688 578 744 est.
619 677 788 755 ·(Of.
822 699 968 762 pag.
1002 676 1134 753 20.)
1226 675 1406 757 Quid
1450 677 1661 760 igitur
1711 677 1978 754 mirum,
2026 677 2200 759 quod
2242 678 2367 756 VI,
2423 676 2526 747 29,
2574 677 2613 743 2

456 784 529 847 in
561 781 781 846 codice
813 780 1200 863 Mosquensi
1231 801 1315 844 ex
1345 789 1576 863 aperta
1604 780 1795 845 scioli
1827 779 2166 845 cuiusdam
2195 776 2614 846 'correctione

457 885 705 968 legitur
758 884 1139 948 infinitivus
1196 883 1522 964 διαγνῶναι,
1580 890 1648 947 et
1702 882 1825 962 VI,
1873 880 1977 962 38,
2024 881 2064 946 2
2116 883 2428 947 nonnulli
2474 904 2628 949 con-

458 987 833 1052 iunctivum
881 982 1038 1067 ὦμεν
1083 984 1167 1050 ad
1209 988 1391 1046 κακοί
1424 984 1827 1051 trahendum
1860 993 2058 1068 atque
2101 985 2176 1049 in
2214 986 2560 1051 enuntiato
2591 1008 2629 1050 a

460 1092 583 1171 πρίν
639 1090 1104 1155 coniunctione
1158 1088 1476 1173 pendenti
1520 1090 1941 1155 infinitivum
1994 1089 2139 1150 εἶναι
2184 1089 2627 1177 supplendum

461 1214 603 1257 esse
648 1193 900 1277 opinati
945 1193 1150 1257 sunt?
1183 1192 1226 1269 ¹)

632 1295 774 1360 Iam
806 1295 976 1360 illud
1020 1295 1104 1360 ad
1143 1297 1785 1380 argumentationem
1816 1317 2032 1361 meam
2078 1295 2624 1361 corroborandam

459 1399 706 1482 aliquid
739 1399 1035 1465 conferre
1060 1405 1241 1482 putO,
1274 1398 1446 1481 quod
1471 1420 1606 1462 uno
1631 1399 1777 1463 loco
1801 1399 1964 1478 VII,
1985 1396 2088 1478 63,
2119 1401 2145 1463 1
2178 1399 2462 1482 πρότερον
2485 1397 2631 1481 -ἤ

464 1523 615 1566 cum
677 1503 1104 1567 coniunctivo
1152 1499 1220 1560 ἄν
1275 1502 1606 1584 particula
1655 1524 1794 1566 non
1853 1502 2078 1567 addita
2130 1502 2479 1568 invenitur
2522 1500 2628 1578 (ὧν

457 1604 573 1686 χρὴ
613 1604 1019 1685 μεμνημένους
1045 1602 1442 1684 διαμάχεσθαι
1470 1603 1610 1662 ὅσον
1642 1602 1710 1663 ἂν
1755 1601 2007 1685 δύνησθε
2038 1606 2134 1664 καὶ
2160 1604 2238 1687 μὴ
2269 1603 2630 1675 ἐξωθεῖσθαι

465 1705 529 1770 ἐς
591 1704 783 1786 αὐτην,
848 1705 992 1765 ἀλλὰ
1070 1702 1477 1786 ξυμπεσούσης
1552 1705 1634 1787 νηὶ
1706 1704 1856 1771 νεὼς
1921 1705 2000 1787 μὴ
2073 1708 2360 1790 πρότερον
2433 1706 2627 1778 ἀξιοῦν

464 1804 840 1880 ἀπολύεσθαι,
897 1805 932 1889 ἢ
988 1806 1127 1872 τοὺς
1180 1806 1292 1865 ἀπὸ
1348 1808 1450 1866 τοῦ
1516 1809 1790 1889 πολεμίου
1843 1809 2349 1890 καταστρώματος
2402 1810 2633 1876 ὁπλίτας

464 1908 843 1993 ἀπαοάξητε).
930 1909 1382 1974 Vehementer
1427 1909 1506 1974 de
1559 1910 1760 1974 huius
1805 1910 1936 1976 loci
1977 1911 2262 1978 lectione
2307 1912 2630 1997 discepta-

466 2020 609 2077 tum
665 2022 787 2078 est.
880 2011 1157 2077 Codices
1214 2013 1394 2076 onim
1451 2010 1919 2090 AGFGM2)
1982 2012 2230 2079 habent
2280 2013 2364 2098 ἦν,
2422 2015 2485 2079 Ε
2530 2014 2626 2098 ἧν;

463 2117 534 2179 in
581 2114 646 2180 Gr
691 2137 776 2179 ex
832 2123 1062 2199 aperta
1123 2122 1505 2180 correctura
1562 2114 1972 2198 adscriptum
2029 2123 2132 2180 est
2189 2114 2252 2198 ἢν
2291 2117 2392 2199 μή,
2454 2117 2629 2199 quod

465 2239 808 2302 perperam
840 2219 913 2281 in
944 2219 1286 2304 vulgatam
1318 2217 1610 2303 irrepsit.
1699 2218 1844 2282 I'am
1876 2217 2246 2282 rectissime
2271 2218 2627 2284 Bekkerus

467 2321 932 2386 auctoritatem
983 2321 1316 2401 Vaticani,
1374 2322 1617 2387 codicis
1673 2321 1873 2386 unius
1930 2322 2228 2387 omnium
2285 2331 2629 2407 praestan-

466 2423 728 2503 tissimi,
769 2433 1034 2490 secutus
1066 2422 1104 2506 ἤ
1132 2432 1326 2499 textu
1371 2425 1687 2490 restituit.
1764 2425 1913 2490 Hoc
1943 2425 2249 2509 exemplo
2280 2427 2629 2510 perspicuo

465 2537 737 2610 apparet
790 2528 1116 2592 rationem
1175 2527 1696 2593 condicionalem
1763 2528 2036 2611 reprimi
2103 2530 2177 2594 vi
2246 2530 2629 2613 temporali3

463 2650 659 2713 quam
723 2652 852 2714 quo
908 2630 1148 2696 fortius
1217 2630 1646 2714 significaret,
1715 2631 2071 2696 formulam
2137 2633 2421 2715 πρότερον
2465 2668 2549 2677 -
2594 2631 2632 2715 ἤ

462 2732 765 2798 adhibuit
812 2721 1236 2817 Thucydides
1280 2735 1611 2817 particula
1654 2731 1723 2793 ἄν
1770 2735 2031 2800 omissa.

634 2836 783 2899 Hoc
827 2836 971 2898 loco
1003 2837 1207 2898 etiam
1245 2836 1526 2901 duorum
1558 2837 2019 2920 exemplorum
2047 2836 2301 2901 mentio
2332 2835 2630 2900 facienda

467 2944 587 3014 est,
629 2957 794 3017 quae
838 2936 908 2998 in
951 2939 1281 3013 Aeneae.
1316 2939 1641 3003 'Pactici
1684 2938 2157 3004 commentario
2204 2938 2629 3020 poliorcetico

468 3045 757 3103 exstant.
849 3036 1130 3102 Duobus
1175 3038 1314 3101 illis
1358 3039 1542 3117 lociS,
1590 3041 1829 3123 quibus
1876 3042 2254 3106 coniunctio
2301 3042 2424 3122 πρίν
2457 3043 2628 3125 apud

467 3142 646 3207 hunc
689 3149 986 3226 autorem
1032 3139 1227 3205 nobis
1274 3140 1471 3207 obvia
1516 3144 1617 3217 fit,
1665 3165 1816 3207 cum
1862 3144 2289 3210 coniunctivo
2323 3144 2629 3228 copulata

472 3253 593 3310 est.
683 3243 911 3307 Verba
952 3243 1024 3306 in
1070 3242 1360 3308 editione
1404 3244 1734 3308 Hercheri
1783 3246 1877 3309 sic
1923 3234 2263 3329 leguntur:
2316 3246 2632 3330 γενομένης

454 3349 539 3422 ,δὲ
580 3348 807 3432 ἡμέρας
846 3346 983 3413 τοὺς
1018 3346 1285 3429 φύλακας
1316 3348 1396 3431 μὴ
1430 3348 1663 3430 ἀφιέναι
1700 3355 1821 3425 (sc.
1845 3347 1998 3432 χρη)
2044 3348 2113 3409 ἐκ
2141 3353 2254 3410 τῶν
2285 3353 2629 3432 φυλακείων,

472 3452 595 3532 πρὶν
640 3449 707 3510 ἂν
753 3451 826 3511 τὰ
855 3448 975 3523 ἔξω
1011 3450 1514 3535 προερευνηθέντα
1546 3450 1881 3534 ἐμφανισθῇ
1908 3450 2148 3533 καθαρὰ
2178 3451 2316 3513 ὅντα
2347 3456 2631 3535 πολεμίων

473 3562 642 3638 (cap.
700 3553 801 3632 27,
866 3555 990 3632 15).
1091 3555 1288 3620 Alter
1344 3555 1529 3619 locus
1591 3560 1761 3638 (cap.
1823 3550 1925 3633 28,
1986 3553 2057 3629 4)
2122 3541 2217 3620 sic
2274 3576 2344 3619 se
2399 3556 2627 3622 habet:

471 3654 591 3727 ἔξω
636 3678 702 3718 τε
741 3657 968 3740 μηδένα
1012 3657 1314 3738 ἀφίεσθαι,
1359 3660 1484 3740 πρὶν
1527 3657 1596 3719 ἂν
1641 3656 1998 3742 ἐξερευνηθῇ
2044 3658 2116 3718 τὰ
2159 3659 2287 3741 περὶ
2331 3658 2427 3740 τὴν
2458 3659 2630 3720 πόλιν.

474 3757 607 3825 Sed
672 3768 910 3825 neutro
978 3761 1122 3826 loco
1192 3761 1395 3827 codex
1460 3762 1955 3826 Laurentianus
2024 3760 2298 3826 exhibet
2364 3763 2487 3844 πρὶν
2542 3760 2627 3824 ἄν.

471 3871 704 3928 contra
763 3865 885 3945 πρὶν
931 3862 984 3946 ἧ,
1053 3864 1226 3947 quod
1288 3887 1491 3947 quum
1560 3886 1599 3928 a
1654 3864 1943 3930 dictione
1989 3864 2220 3927 Attica
2273 3862 2631 3927 abhorrere

649 4101 689 4160 l)
729 4100 810 4153 Cf.
847 4100 1025 4166 Popp.
1064 4099 1097 4152 l.
1133 4099 1167 4152 l.
1205 4098 1274 4166 II,
1311 4098 1361 4166 4,
1399 4099 1482 4152 92.

646 4187 688 4254 2)
727 4185 945 4253 Sequor
982 4185 1142 4250 signa
1180 4185 1432 4239 codicum
1470 4200 1505 4237 a
1540 4182 1804 4237 Bekkero
1843 4187 1900 4236 et
1938 4181 2151 4236 Stahlio
2190 4180 2459 4236 adhibita.

2220 4287 2253 4334 4
