3088 4580
2555 312 2625 377 51

474 519 671 579 nunc,
728 505 956 565 utrum
1002 500 1128 579 πρὶν
1185 496 1225 582 ἤ
1280 498 1555 564 omnino
1611 500 1701 563 sit
1755 498 2063 564 Atticum
2117 518 2345 565 necne.
2445 501 2631 566 Haec

471 604 768 687 quaestio
836 604 1150 686 quoniam
1213 624 1253 667 a
1303 603 1600 669 Luethio
1668 603 1916 687 optime
1979 610 2387 686 pertractata
2450 611 2571 684 est,
2589 605 2633 679 ¹)

471 707 635 772 satis
709 706 800 771 sit
870 705 1063 770 nobis
1137 707 1278 770 eius
1352 706 2017 791 argumentationem,
2093 705 2309 788 quoad
2384 707 2634 772 nostris

470 809 794 892 exemplis
840 809 989 874 fieri
1032 815 1272 892 potest,
1331 810 1743 874 confirmare.
1835 809 2059 890 Atque
2103 815 2181 873 ut
2231 810 2634 876 testimoniis

470 911 651 978 haud
694 911 891 977 dubie
921 913 1229 996 genuinis
1258 913 1359 977 uti
1394 913 1745 997 possimus,
1795 911 2266 995 inscriptiones
2299 912 2565 978 Atticas
2598 936 2637 978 a

470 1014 895 1081 Kirchhoffio
921 1014 1229 1080 collectas
1254 1015 1827 1098 perlustravimus.
1889 1014 2133 1080 Tribus
2156 1014 2320 1080 locis
2340 1019 2464 1097 πρίν
2486 1038 2636 1100 par-

473 1119 679 1184 ticula
720 1124 962 1196 exstat,
1011 1139 1046 1183 e
1077 1117 1314 1200 quibus
1345 1138 1519 1183 unus
1550 1116 1906 1183 admodum
1934 1118 2213 1183 mutilus
2257 1116 2360 1195 (O.
2393 1118 2448 1184 Ι.
2480 1120 2566 1185 Α.
2598 1120 2635 1184 Ι

471 1243 619 1307 pag.
676 1220 735 1300 9,
802 1242 986 1288 num.
1041 1219 1137 1300 12,
1204 1243 1380 1288 vers.
1446 1222 1556 1300 10)
1623 1223 1796 1287 nihil
1856 1222 2052 1288 valet.
2144 1221 2426 1287 Duobus
2484 1223 2633 1287 aliis

471 1325 634 1390 locis
689 1345 838 1410 pag.
881 1322 943 1404 8,
1001 1347 1182 1391 num.
1229 1324 1289 1403 9,
1350 1346 1526 1392 vers.
1582 1323 1661 1390 14
1716 1326 1838 1408 πρὶν
1896 1323 2112 1386 ἐσιέναι
2170 1324 2344 1401 (sive
2400 1346 2634 1390 secun-

470 1428 627 1494 dum
681 1429 1064 1494 Boekhium
1088 1429 1143 1509 2)
1202 1427 1439 1505 ἐξιέναι)
1498 1437 1567 1494 et
1616 1450 1762 1513 pag.
1818 1427 1921 1507 45,
1979 1450 2160 1495 num.
2214 1425 2319 1508 96,
2372 1450 2545 1495 vers.
2593 1427 2631 1493 6

473 1533 595 1613 πρὶν
642 1530 711 1591 ἄν
760 1567 834 1578 -
884 1532 1161 1615 legitur3
1216 1531 1481 1596 nullum
1526 1529 1565 1612 ἢ
1607 1531 1973 1614 particulae
2017 1530 2205 1597 adest
2246 1532 2627 1617 vestigium.

473 1634 654 1714 Quid
712 1644 955 1712 autem,
1018 1634 1193 1716 quod
1250 1635 1323 1698 in
1377 1634 1564 1698 Plut.
1613 1631 1753 1699 Sol.
1820 1654 1959 1717 cap.
2012 1632 2087 1698 19
2145 1634 2257 1698 lex
2314 1633 2633 1716 quaedam

475 1735 745 1802 Solonis
804 1734 964 1806 ἄξονι
1018 1737 1132 1819 qui
1177 1744 1471 1801 vocatur·
1513 1737 1840 1820 inscripta
1896 1735 2001 1800 his
2050 1736 2271 1802 verbis
2326 1737 2629 1802 affertur:

646 1836 883 1920 Ἀτίμων
928 1839 1058 1899 ὅσοι
1114 1837 1302 1920 ἄτιμοι
1346 1839 1509 1923 ἦσαν,
1566 1841 1722 1923 πρὶν
1776 1837 1810 1921 ἢ
1865 1839 2161 1899 Σόλωνα
2216 1838 2461 1923 ἄρξαι,
2518 1839 2630 1901 ἐπι-

471 1945 671 2027 τιμους·
709 1942 853 2003 εἶναι
895 1941 1028 2025 πλὴν
1072 1942 1203 2002 ὅσοι
1246 1941 1320 2013 ἐξ
1350 1941 1582 2026 Ἀρείου
1627 1942 1832 2023 πάγου,
1877 1941 1911 2024 ἢ
1954 1942 2084 2002 ὅσοι
2126 1940 2196 2002 ἐκ
2238 1945 2352 2003 τῶν
2383 1941 2631 2023 ἐφετῶν,

469 2047 503 2131 ἢ
561 2045 630 2107 ἐκ
682 2047 1023 2129 πρυτανείου
1079 2044 1616 2111 καταδικασθέντες
1668 2045 1775 2105 ὑπὸ
1820 2047 1933 2104 τῶν
1976 2043 2272 2122 βασιλέων
2316 2044 2403 2106 ἐπὶ
2432 2046 2629 2129 φόνῳ,

468 2147 503 2231 ἢ
546 2156 875 2232 σφαγαῖσιν,
922 2148 956 2232 ἢ
1001 2148 1089 2209 ἐπὶ
1134 2149 1416 2231 τυραννίδι
1461 2145 1699 2229 ἔφυγον,
1746 2148 1846 2208 ὅτε
1890 2147 2119 2228 θεσμὸς
2160 2147 2344 2230 ἐφάνη
2391 2148 2516 2209 ὅδε.

642 2253 823 2319 Num
890 2251 1288 2319 credendum
1359 2260 1463 2317 est
1527 2251 1608 2316 in*
1669 2250 1883 2317 edicto
1950 2249 2217 2335 publico
2276 2252 2630 2318 formulam

350 2337 361 2346 ’
473 2357 595 2436 πρὶν
640 2353 677 2438 ἥ
723 2356 1102 2439 ceteroquin
1135 2354 1308 2439 apud
1341 2354 1607 2419 Atticos
1640 2353 2010 2419 inauditam
2040 2354 2408 2420 adhibitam
2440 2359 2629 2423 esse?

471 2458 673 2544 Legis
729 2459 928 2523 huius
985 2458 1193 2536 verba
1248 2459 1304 2523 si
1360 2459 1749 2543 incorrupta
1803 2459 1886 2523 ad
1952 2479 2075 2523 nos
2142 2460 2625 2543 pervenissent,

468 2583 600 2627 una
642 2562 762 2626 illa
804 2562 1018 2627 forma
1061 2583 1289 2628 omnes
1335 2562 1852 2647 disceptationes
1896 2561 2295 2647 infringeret
2348 2584 2424 2628 ac
2478 2585 2628 2648 pro-

465 2666 743 2751 fligaret.
825 2663 959 2731 Sed
992 2665 1330 2730 videamus
1377 2665 1458 2729 de
1500 2665 1934 2749 genuinitate.
2016 2663 2434 2748 Quamquam
2463 2666 2627 2731 Plu-

466 2770 736 2835 tarchus
793 2768 1006 2834 addit:
1068 2770 1101 2829 ὃ
1157 2768 1228 2830 δὲ
1294 2766 1766 2853 τριςκαιδέκατος
1819 2766 1978 2838 ἄξων
2037 2769 2139 2827 τοῦ
2208 2768 2482 2834 Σόλωνος
2529 2769 2627 2829 τὸν

466 2869 676 2951 ὄγδοον
706 2868 831 2953 ἔχει
861 2874 972 2929 τῶν
1003 2872 1192 2952 νόμων
1223 2870 1413 2937 οὕτως
1443 2871 1640 2936 αὐτοῖς
1665 2871 1908 2951 ὀνόμασι
1935 2869 2356 2953 γεγραμμένον,
2402 2879 2628 2955 tamen

467 2993 550 3036 ne
604 2973 749 3055 ipse
804 2972 1094 3053 quidem·
1125 2974 1342 3036 textui
1398 2973 1601 3038 fidem
1660 2972 1879 3051 habet,
1937 2994 2142 3056 quum
2194 2973 2391 3056 paulo
2452 2974 2629 3041 infra

468 3073 674 3138 dicat:
744 3076 800 3133 εἶ
855 3073 935 3156 μὴ
1002 3073 1064 3156 νὴ
1117 3073 1225 3140 Δία
1289 3073 1501 3156 γέγονέ
1563 3098 1647 3141 τις·
1708 3074 1972 3156 ἀσάφεια
2036 3076 2141 3134 τοῦ
2198 3075 2544 3158 γράμματος
2593 3078 2627 3162 ἢ

467 3171 734 3257 ἔκλειψις.
838 3174 1114 3259 Didymi
1159 3177 1578 3260 grammatici
1622 3178 1749 3258 περὶ
1792 3180 1905 3237 τῶν
1949 3175 2171 3247 ἀξόνων
2215 3180 2328 3237 τῶν
2356 3178 2623 3246 Σόλωνος

467 3277 817 3361 ἀντιγραφὴν
861 3277 1006 3361 ιςοὸς·
1026 3276 1451 3362 Ἀσκληπιάδην,
1498 3301 1693 3363 quam
1737 3280 1808 3343 in
1837 3279 2032 3345 initio
2062 3278 2273 3344 libelli
2303 3281 2622 3361 nominat,

468 3381 820 3464 excerpsit.
912 3382 1142 3465 Itaque
1188 3382 1267 3447 de
1312 3384 1602 3468 genuina
1631 3382 1830 3447 huius
1875 3383 2007 3447 loci
2049 3382 2333 3448 lectione
2362 3384 2623 3448 nullum

469 3484 630 3548 ferri
694 3484 852 3549 licet
913 3485 1249 3551 iudicium.
1343 3485 1520 3549 Mihi
1585 3485 1853 3568 quidem
1919 3492 2138 3549 totum
2203 3486 2624 3552 enuntiatum

469 3589 591 3670 ηοὶν
645 3587 679 3671 ἢ
739 3588 981 3650 Σόλωνα
1039 3588 1212 3672 ἀζοξαι
1266 3599 1490 3673 aperte
1547 3590 1817 3656 videtur
1882 3611 2025 3654 esse
2091 3610 2131 3654 a
2192 3591 2622 3674 grammatico

469 3692 845 3756 confictum.
936 3691 1167 3775 Neque
1220 3692 1399 3756 enim
1454 3693 1820 3758 verisimile
1876 3698 1978 3756 est
2030 3692 2104 3756 in
2152 3691 2421 3759 Solonis
2479 3695 2623 3780 lege

467 3794 717 3877 scripta
788 3793 992 3859 fuisse
1073 3794 1277 3859 verba
1350 3796 1473 3877 πρὶν
1539 3794 1574 3878 ἢ
1647 3797 1887 3857 Σόλωνα
1963 3795 2154 3878 ἄρξαι,
2231 3798 2623 3880 praesertim

468 3917 673 3979 quum
737 3905 1000 3981 tempus
1067 3897 1189 3962 sub
1256 3899 1512 3964 exitum
1582 3899 1782 3964 edicti
1849 3898 2095 3964 diserte
2161 3898 2441 3965 addatur
2495 3901 2622 3978 (ὅτε

470 4000 696 4081 θεσμὸς
737 3999 920 4083 ἐφάνη
965 4000 1122 4079 ὅδε).

643 4134 684 4201 ¹)
719 4133 916 4202 Lueth‚
951 4135 986 4188 l.
1024 4135 1056 4187 l.
1094 4150 1225 4204 pag.
1264 4134 1486 4195 32-35.

641 4217 688 4286 2)
724 4216 782 4272 C.
819 4218 861 4272 Ι.
900 4217 965 4273 Gr.
1003 4219 1069 4273 73
1087 4219 1141 4274 b.
