<?xml version="1.0" encoding="UTF-8"?>
<!DOCTYPE html PUBLIC "-//W3C//DTD XHTML 1.0 Transitional//EN"
    "http://www.w3.org/TR/xhtml1/DTD/xhtml1-transitional.dtd">
<html xmlns="http://www.w3.org/1999/xhtml" xml:lang="en" lang="en">
 <head>
  <title>
</title>
<meta http-equiv="Content-Type" content="text/html;charset=utf-8" />
  <meta name='ocr-system' content='tesseract 3.04.00' />
  <meta name='ocr-capabilities' content='ocr_page ocr_carea ocr_par ocr_line ocrx_word'/>
</head>
<body>
  <div class='ocr_page' id='page_1' title='image "./deusuparticulae00wagngoog_0023.png"; bbox 0 0 3088 4580; ppageno 0'>
   <div class='ocr_carea' id='block_1_1' title="bbox 2532 227 2706 334">
    <p class='ocr_par' dir='ltr' id='par_1_1' title="bbox 2532 227 2706 334">
     <span class='ocr_line' id='line_1_1' title="bbox 2532 227 2706 334; baseline 0.006 -40"><span class='ocrx_word' id='word_1_1' title='bbox 2532 227 2706 334; x_wconf 77' lang='grc' dir='ltr'>15Ι</span> 
     </span>
    </p>
   </div>
   <div class='ocr_carea' id='block_1_2' title="bbox 406 416 2630 4225">
    <p class='ocr_par' dir='ltr' id='par_1_2' title="bbox 406 416 2630 4225">
     <span class='ocr_line' id='line_1_2' title="bbox 629 416 2611 506; baseline -0.003 -17"><span class='ocrx_word' id='word_1_2' title='bbox 629 421 852 489; x_wconf 79' lang='lat' dir='ltr'>Simili</span> <span class='ocrx_word' id='word_1_3' title='bbox 908 423 1128 506; x_wconf 90' lang='lat' dir='ltr'>ellipsi</span> <span class='ocrx_word' id='word_1_4' title='bbox 1182 421 1477 505; x_wconf 86' lang='lat' dir='ltr'>insignes</span> <span class='ocrx_word' id='word_1_5' title='bbox 1534 428 1693 486; x_wconf 86' lang='lat' dir='ltr'>sunt</span> <span class='ocrx_word' id='word_1_6' title='bbox 1750 419 1879 486; x_wconf 91' lang='lat' dir='ltr'>duo</span> <span class='ocrx_word' id='word_1_7' title='bbox 1936 419 2052 501; x_wconf 86' lang='lat' dir='ltr'>alii</span> <span class='ocrx_word' id='word_1_8' title='bbox 2093 419 2235 485; x_wconf 67' lang='lat' dir='ltr'>,loci</span> <span class='ocrx_word' id='word_1_9' title='bbox 2278 420 2333 499; x_wconf 90' lang='lat' dir='ltr'>I,</span> <span class='ocrx_word' id='word_1_10' title='bbox 2393 416 2496 497; x_wconf 88' lang='grc'>39,</span> <span class='ocrx_word' id='word_1_11' title='bbox 2543 419 2611 484; x_wconf 83' lang='grc'>2;</span> 
     </span>
     <span class='ocr_line' id='line_1_3' title="bbox 455 520 2615 609; baseline -0.001 -24"><span class='ocrx_word' id='word_1_12' title='bbox 455 524 615 587; x_wconf 75' lang='grc' dir='ltr'><em>οὗτοι</em></span> <span class='ocrx_word' id='word_1_13' title='bbox 655 525 707 586; x_wconf 76' lang='grc' dir='ltr'>δ’</span> <span class='ocrx_word' id='word_1_14' title='bbox 755 526 824 586; x_wconf 81' lang='grc' dir='ltr'>οὐ</span> <span class='ocrx_word' id='word_1_15' title='bbox 865 527 987 609; x_wconf 77' lang='grc' dir='ltr'><em>πρὶν</em></span> <span class='ocrx_word' id='word_1_16' title='bbox 1020 528 1339 607; x_wconf 77' lang='grc' dir='ltr'><em>πολιορκεῖν</em></span> <span class='ocrx_word' id='word_1_17' title='bbox 1380 525 1446 584; x_wconf 80' lang='grc' dir='ltr'>τὸ</span> <span class='ocrx_word' id='word_1_18' title='bbox 1469 525 1713 607; x_wconf 79' lang='grc' dir='ltr'><em>χωρίον,</em></span> <span class='ocrx_word' id='word_1_19' title='bbox 1753 520 1873 584; x_wconf 79' lang='grc' dir='ltr'><em>ἀλλ’</em></span> <span class='ocrx_word' id='word_1_20' title='bbox 1911 521 2105 604; x_wconf 82' lang='grc' dir='ltr'><em>ἐπειδὴ</em></span> <span class='ocrx_word' id='word_1_21' title='bbox 2133 523 2420 604; x_wconf 77' lang='grc' dir='ltr'><em>ἡγήσαντο</em></span> <span class='ocrx_word' id='word_1_22' title='bbox 2463 523 2615 605; x_wconf 76' lang='grc' dir='ltr'><em>ἡμᾶς·</em></span> 
     </span>
     <span class='ocr_line' id='line_1_4' title="bbox 454 624 2614 712; baseline -0.001 -24"><span class='ocrx_word' id='word_1_23' title='bbox 454 628 523 689; x_wconf 76' lang='grc' dir='ltr'>οὐ</span> <span class='ocrx_word' id='word_1_24' title='bbox 578 629 987 712; x_wconf 72' lang='grc' dir='ltr'><em>περιόψεσθαι,</em></span> <span class='ocrx_word' id='word_1_25' title='bbox 1048 629 1182 688; x_wconf 85' lang='grc' dir='ltr'><em>τότε</em></span> <span class='ocrx_word' id='word_1_26' title='bbox 1236 628 1334 687; x_wconf 79' lang='grc' dir='ltr'>καὶ</span> <span class='ocrx_word' id='word_1_27' title='bbox 1404 628 1472 686; x_wconf 80' lang='grc' dir='ltr'>τὸ</span> <span class='ocrx_word' id='word_1_28' title='bbox 1528 624 1818 709; x_wconf 74' lang='grc' dir='ltr'><em>εὐπρεπὲς</em></span> <span class='ocrx_word' id='word_1_29' title='bbox 1879 630 1980 707; x_wconf 73' lang='grc' dir='ltr'><em>τῆς·</em></span> <span class='ocrx_word' id='word_1_30' title='bbox 2031 626 2192 707; x_wconf 77' lang='grc' dir='ltr'><strong><em>δίκης·</em></strong></span> <span class='ocrx_word' id='word_1_31' title='bbox 2251 630 2614 710; x_wconf 78' lang='grc' dir='ltr'><em>παρέσχοντο</em></span> 
     </span>
     <span class='ocr_line' id='line_1_5' title="bbox 453 727 2615 812; baseline -0.004 -16"><span class='ocrx_word' id='word_1_32' title='bbox 453 740 520 796; x_wconf 82' lang='lat' dir='ltr'>et</span> <span class='ocrx_word' id='word_1_33' title='bbox 575 732 631 810; x_wconf 88' lang='lat' dir='ltr'>I,</span> <span class='ocrx_word' id='word_1_34' title='bbox 696 729 801 812; x_wconf 84' lang='lat'>68,</span> <span class='ocrx_word' id='word_1_35' title='bbox 856 731 928 797; x_wconf 85' lang='lat'>2:</span> <span class='ocrx_word' id='word_1_36' title='bbox 994 732 1090 791; x_wconf 76' lang='grc' dir='ltr'>καὶ</span> <span class='ocrx_word' id='word_1_37' title='bbox 1156 727 1231 790; x_wconf 83' lang='grc' dir='ltr'>δι’</span> <span class='ocrx_word' id='word_1_38' title='bbox 1285 729 1428 790; x_wconf 81' lang='grc' dir='ltr'><em>αὐτὸ</em></span> <span class='ocrx_word' id='word_1_39' title='bbox 1484 729 1553 789; x_wconf 80' lang='grc' dir='ltr'>οὐ</span> <span class='ocrx_word' id='word_1_40' title='bbox 1619 730 1742 812; x_wconf 75' lang='grc' dir='ltr'><em>πρὶν</em></span> <span class='ocrx_word' id='word_1_41' title='bbox 1798 728 2054 812; x_wconf 77' lang='grc' dir='ltr'><em>πάσχειν,</em></span> <span class='ocrx_word' id='word_1_42' title='bbox 2112 727 2231 788; x_wconf 81' lang='grc' dir='ltr'><em>ἀλλ’</em></span> <span class='ocrx_word' id='word_1_43' title='bbox 2300 728 2495 811; x_wconf 77' lang='grc' dir='ltr'><em>ἐπειδὴ</em></span> <span class='ocrx_word' id='word_1_44' title='bbox 2554 729 2615 790; x_wconf 80' lang='grc' dir='ltr'><em>ἐν</em></span> 
     </span>
     <span class='ocr_line' id='line_1_6' title="bbox 452 830 2617 919; baseline 0.001 -23"><span class='ocrx_word' id='word_1_45' title='bbox 452 845 538 919; x_wconf 81' lang='grc' dir='ltr'>τῷ</span> <span class='ocrx_word' id='word_1_46' title='bbox 579 833 739 918; x_wconf 78' lang='grc' dir='ltr'><em>ἔργῳ</em></span> <span class='ocrx_word' id='word_1_47' title='bbox 784 833 981 916; x_wconf 86' lang='grc' dir='ltr'><em>ἐσμέν,</em></span> <span class='ocrx_word' id='word_1_48' title='bbox 1028 833 1165 898; x_wconf 78' lang='grc' dir='ltr'><em>τοὺς·</em></span> <span class='ocrx_word' id='word_1_49' title='bbox 1220 832 1558 917; x_wconf 71' lang='grc' dir='ltr'><em>ξυμμάχους</em></span> <span class='ocrx_word' id='word_1_50' title='bbox 1606 830 1823 894; x_wconf 77' lang='grc' dir='ltr'><em>τούσδε</em></span> <span class='ocrx_word' id='word_1_51' title='bbox 1866 831 2330 915; x_wconf 56' lang='grc' dir='ltr'><em>ποςοεκαλέσατε.</em></span> <span class='ocrx_word' id='word_1_52' title='bbox 2417 833 2617 900; x_wconf 81' lang='lat' dir='ltr'>Haud</span> 
     </span>
     <span class='ocr_line' id='line_1_7' title="bbox 455 934 2618 1021; baseline -0 -18"><span class='ocrx_word' id='word_1_53' title='bbox 455 939 730 1004; x_wconf 90' lang='lat' dir='ltr'>dubium</span> <span class='ocrx_word' id='word_1_54' title='bbox 796 948 916 1015; x_wconf 87' lang='lat' dir='ltr'>est,</span> <span class='ocrx_word' id='word_1_55' title='bbox 984 938 1146 1021; x_wconf 89' lang='lat' dir='ltr'>quin</span> <span class='ocrx_word' id='word_1_56' title='bbox 1207 937 1537 1021; x_wconf 85' lang='lat' dir='ltr'>oppositio</span> <span class='ocrx_word' id='word_1_57' title='bbox 1605 937 1926 1020; x_wconf 84' lang='lat' dir='ltr'>quaedam·</span> <span class='ocrx_word' id='word_1_58' title='bbox 2002 934 2370 1001; x_wconf 87' lang='lat' dir='ltr'>intercedat</span> <span class='ocrx_word' id='word_1_59' title='bbox 2438 936 2618 1005; x_wconf 84' lang='lat' dir='ltr'>inter</span> 
     </span>
     <span class='ocr_line' id='line_1_8' title="bbox 454 1039 2617 1126; baseline -0.001 -20"><span class='ocrx_word' id='word_1_60' title='bbox 454 1042 710 1126; x_wconf 88' lang='lat' dir='ltr'>periodi</span> <span class='ocrx_word' id='word_1_61' title='bbox 753 1041 1067 1107; x_wconf 88' lang='lat' dir='ltr'>membra.</span> <span class='ocrx_word' id='word_1_62' title='bbox 1104 1078 1108 1082; x_wconf 94' lang='lat'>·</span> <span class='ocrx_word' id='word_1_63' title='bbox 1159 1039 1293 1107; x_wconf 79' lang='lat' dir='ltr'>Sed</span> <span class='ocrx_word' id='word_1_64' title='bbox 1336 1062 1552 1124; x_wconf 90' lang='lat' dir='ltr'>neque</span> <span class='ocrx_word' id='word_1_65' title='bbox 1594 1042 1693 1107; x_wconf 89' lang='lat' dir='ltr'>ita</span> <span class='ocrx_word' id='word_1_66' title='bbox 1735 1045 1835 1120; x_wconf 81' lang='lat' dir='ltr'>fit,</span> <span class='ocrx_word' id='word_1_67' title='bbox 1893 1049 1970 1105; x_wconf 89' lang='lat' dir='ltr'>ut</span> <span class='ocrx_word' id='word_1_68' title='bbox 2029 1039 2157 1105; x_wconf 91' lang='lat' dir='ltr'>duo</span> <span class='ocrx_word' id='word_1_69' title='bbox 2202 1039 2441 1124; x_wconf 83' lang='lat' dir='ltr'>agendi</span> <span class='ocrx_word' id='word_1_70' title='bbox 2484 1047 2617 1104; x_wconf 90' lang='lat' dir='ltr'>ter-</span> 
     </span>
     <span class='ocr_line' id='line_1_9' title="bbox 455 1143 2622 1228; baseline 0 -19"><span class='ocrx_word' id='word_1_71' title='bbox 455 1145 621 1209; x_wconf 88' lang='lat' dir='ltr'>mini</span> <span class='ocrx_word' id='word_1_72' title='bbox 663 1152 1064 1222; x_wconf 72' lang='lat' dir='ltr'><strong>statuantur,</strong></span> <span class='ocrx_word' id='word_1_73' title='bbox 1110 1166 1322 1227; x_wconf 88' lang='lat' dir='ltr'>neque</span> <span class='ocrx_word' id='word_1_74' title='bbox 1352 1144 1446 1208; x_wconf 86' lang='lat' dir='ltr'>ita</span> <span class='ocrx_word' id='word_1_75' title='bbox 1484 1152 1562 1208; x_wconf 89' lang='lat' dir='ltr'>ut</span> <span class='ocrx_word' id='word_1_76' title='bbox 1608 1144 2012 1228; x_wconf 86' lang='lat' dir='ltr'>comparatio</span> <span class='ocrx_word' id='word_1_77' title='bbox 2043 1143 2412 1209; x_wconf 78' lang='lat' dir='ltr'>intercedat</span> <span class='ocrx_word' id='word_1_78' title='bbox 2440 1146 2622 1209; x_wconf 84' lang='lat' dir='ltr'>inter</span> 
     </span>
     <span class='ocr_line' id='line_1_10' title="bbox 453 1246 2619 1333; baseline -0.001 -21"><span class='ocrx_word' id='word_1_79' title='bbox 453 1249 690 1333; x_wconf 83' lang='lat' dir='ltr'>agendi</span> <span class='ocrx_word' id='word_1_80' title='bbox 746 1258 1064 1332; x_wconf 82' lang='lat' dir='ltr'>tempora.</span> <span class='ocrx_word' id='word_1_81' title='bbox 1177 1249 1428 1312; x_wconf 88' lang='lat' dir='ltr'>Verum</span> <span class='ocrx_word' id='word_1_82' title='bbox 1506 1248 1612 1312; x_wconf 90' lang='lat' dir='ltr'>his</span> <span class='ocrx_word' id='word_1_83' title='bbox 1670 1247 1835 1313; x_wconf 90' lang='lat' dir='ltr'>locis</span> <span class='ocrx_word' id='word_1_84' title='bbox 1888 1247 2186 1332; x_wconf 86' lang='lat' dir='ltr'>gravitas</span> <span class='ocrx_word' id='word_1_85' title='bbox 2241 1246 2362 1311; x_wconf 89' lang='lat' dir='ltr'>illa</span> <span class='ocrx_word' id='word_1_86' title='bbox 2416 1268 2619 1332; x_wconf 91' lang='lat' dir='ltr'>oppo-</span> 
     </span>
     <span class='ocr_line' id='line_1_11' title="bbox 454 1349 2618 1418; baseline -0 -1"><span class='ocrx_word' id='word_1_87' title='bbox 454 1353 714 1418; x_wconf 88' lang='lat' dir='ltr'>sitionis</span> <span class='ocrx_word' id='word_1_88' title='bbox 771 1353 971 1417; x_wconf 86' lang='lat' dir='ltr'>aliam</span> <span class='ocrx_word' id='word_1_89' title='bbox 1031 1373 1294 1417; x_wconf 87' lang='lat' dir='ltr'>causam</span> <span class='ocrx_word' id='word_1_90' title='bbox 1338 1351 1559 1417; x_wconf 85' lang='lat' dir='ltr'>habet.</span> <span class='ocrx_word' id='word_1_91' title='bbox 1655 1349 2160 1417; x_wconf 78' lang='lat' dir='ltr'>Sententiarum</span> <span class='ocrx_word' id='word_1_92' title='bbox 2206 1371 2500 1415; x_wconf 86' lang='lat' dir='ltr'>conexus</span> <span class='ocrx_word' id='word_1_93' title='bbox 2543 1352 2618 1416; x_wconf 90' lang='lat' dir='ltr'>in</span> 
     </span>
     <span class='ocr_line' id='line_1_12' title="bbox 451 1455 2615 1541; baseline -0.002 -18"><span class='ocrx_word' id='word_1_94' title='bbox 451 1459 816 1541; x_wconf 87' lang='lat' dir='ltr'>posteriore</span> <span class='ocrx_word' id='word_1_95' title='bbox 884 1457 1188 1540; x_wconf 80' lang='lat' dir='ltr'>exemplo</span> <span class='ocrx_word' id='word_1_96' title='bbox 1254 1455 1365 1519; x_wconf 90' lang='lat' dir='ltr'>hic</span> <span class='ocrx_word' id='word_1_97' title='bbox 1431 1464 1566 1521; x_wconf 87' lang='lat' dir='ltr'>est:</span> <span class='ocrx_word' id='word_1_98' title='bbox 1657 1477 1794 1520; x_wconf 94' lang='lat' dir='ltr'>non</span> <span class='ocrx_word' id='word_1_99' title='bbox 1867 1463 2222 1537; x_wconf 82' lang='lat' dir='ltr'>antequam</span> <span class='ocrx_word' id='word_1_100' title='bbox 2299 1455 2372 1519; x_wconf 91' lang='lat' dir='ltr'>in</span> <span class='ocrx_word' id='word_1_101' title='bbox 2437 1455 2615 1519; x_wconf 88' lang='lat' dir='ltr'>mala</span> 
     </span>
     <span class='ocr_line' id='line_1_13' title="bbox 451 1558 2612 1640; baseline -0 -15"><span class='ocrx_word' id='word_1_102' title='bbox 451 1561 834 1638; x_wconf 87' lang='lat' dir='ltr'>incidimus,</span> <span class='ocrx_word' id='word_1_103' title='bbox 910 1558 1024 1625; x_wconf 88' lang='lat' dir='ltr'>sed</span> <span class='ocrx_word' id='word_1_104' title='bbox 1095 1580 1275 1623; x_wconf 88' lang='lat' dir='ltr'>nunc</span> <span class='ocrx_word' id='word_1_105' title='bbox 1329 1559 1615 1636; x_wconf 88' lang='lat' dir='ltr'>demum,</span> <span class='ocrx_word' id='word_1_106' title='bbox 1689 1580 1895 1640; x_wconf 89' lang='lat' dir='ltr'>quum</span> <span class='ocrx_word' id='word_1_107' title='bbox 1958 1559 2195 1623; x_wconf 88' lang='lat' dir='ltr'>mediis</span> <span class='ocrx_word' id='word_1_108' title='bbox 2268 1560 2338 1623; x_wconf 93' lang='lat' dir='ltr'>in</span> <span class='ocrx_word' id='word_1_109' title='bbox 2413 1559 2612 1624; x_wconf 89' lang='lat' dir='ltr'>rebus</span> 
     </span>
     <span class='ocr_line' id='line_1_14' title="bbox 454 1661 2618 1746; baseline -0 -18"><span class='ocrx_word' id='word_1_110' title='bbox 454 1664 753 1730; x_wconf 86' lang='lat' dir='ltr'>adversis</span> <span class='ocrx_word' id='word_1_111' title='bbox 826 1684 1209 1739; x_wconf 87' lang='lat' dir='ltr'>versamur,</span> <span class='ocrx_word' id='word_1_112' title='bbox 1285 1661 1496 1726; x_wconf 90' lang='lat' dir='ltr'>socios</span> <span class='ocrx_word' id='word_1_113' title='bbox 1571 1661 1955 1727; x_wconf 76' lang='lat' dir='ltr'>vocavistiS.</span> <span class='ocrx_word' id='word_1_114' title='bbox 2075 1663 2364 1746; x_wconf 78' lang='lat' dir='ltr'>Tempus</span> <span class='ocrx_word' id='word_1_115' title='bbox 2439 1663 2618 1727; x_wconf 90' lang='lat' dir='ltr'>enim</span> 
     </span>
     <span class='ocr_line' id='line_1_15' title="bbox 456 1764 2619 1849; baseline -0.001 -17"><span class='ocrx_word' id='word_1_116' title='bbox 456 1767 666 1833; x_wconf 90' lang='lat' dir='ltr'>socios</span> <span class='ocrx_word' id='word_1_117' title='bbox 732 1766 1012 1831; x_wconf 88' lang='lat' dir='ltr'>vocandi</span> <span class='ocrx_word' id='word_1_118' title='bbox 1090 1786 1315 1829; x_wconf 87' lang='lat' dir='ltr'>serum</span> <span class='ocrx_word' id='word_1_119' title='bbox 1398 1764 1677 1849; x_wconf 76' lang='lat' dir='ltr'>elegisse</span> <span class='ocrx_word' id='word_1_120' title='bbox 1744 1764 2305 1830; x_wconf 84' lang='lat' dir='ltr'>Lacedaemonios</span> <span class='ocrx_word' id='word_1_121' title='bbox 2386 1765 2619 1831; x_wconf 87' lang='lat' dir='ltr'>docere</span> 
     </span>
     <span class='ocr_line' id='line_1_16' title="bbox 406 1867 2618 1953; baseline 0.002 -24"><span class='ocrx_word' id='word_1_122' title='bbox 406 1921 417 1929; x_wconf 84' lang='lat'><strong>.</strong></span> <span class='ocrx_word' id='word_1_123' title='bbox 459 1870 624 1934; x_wconf 85' lang='lat' dir='ltr'>vult.</span> <span class='ocrx_word' id='word_1_124' title='bbox 702 1868 899 1949; x_wconf 73' lang='lat' dir='ltr'>Quod</span> <span class='ocrx_word' id='word_1_125' title='bbox 945 1876 1020 1932; x_wconf 90' lang='lat' dir='ltr'>ut</span> <span class='ocrx_word' id='word_1_126' title='bbox 1062 1867 1335 1953; x_wconf 81' lang='lat' dir='ltr'>gravius</span> <span class='ocrx_word' id='word_1_127' title='bbox 1366 1867 1718 1950; x_wconf 80' lang='lat' dir='ltr'>exprimat,</span> <span class='ocrx_word' id='word_1_128' title='bbox 1767 1868 2067 1928; x_wconf 71' lang='grc' dir='ltr'><em>ἀντίθετον</em></span> <span class='ocrx_word' id='word_1_129' title='bbox 2098 1868 2360 1934; x_wconf 85' lang='lat' dir='ltr'>format.</span> <span class='ocrx_word' id='word_1_130' title='bbox 2442 1867 2618 1935; x_wconf 79' lang='lat' dir='ltr'>Sim-</span> 
     </span>
     <span class='ocr_line' id='line_1_17' title="bbox 453 1967 2618 2057; baseline -0.001 -20"><span class='ocrx_word' id='word_1_131' title='bbox 453 1973 694 2057; x_wconf 91' lang='lat' dir='ltr'>plicem</span> <span class='ocrx_word' id='word_1_132' title='bbox 738 1972 1142 2036; x_wconf 86' lang='lat' dir='ltr'>seutentiam</span> <span class='ocrx_word' id='word_1_133' title='bbox 1185 1969 1379 2052; x_wconf 78' lang='grc' dir='ltr'><em>ἐπειδὴ</em></span> <span class='ocrx_word' id='word_1_134' title='bbox 1425 1971 1486 2031; x_wconf 82' lang='grc' dir='ltr'><em>ἐν</em></span> <span class='ocrx_word' id='word_1_135' title='bbox 1532 1968 1616 2053; x_wconf 82' lang='grc' dir='ltr'>τῷ</span> <span class='ocrx_word' id='word_1_136' title='bbox 1663 1967 1822 2053; x_wconf 79' lang='grc' dir='ltr'><em>ἔργῳ</em></span> <span class='ocrx_word' id='word_1_137' title='bbox 1868 1970 2046 2052; x_wconf 83' lang='grc' dir='ltr'><em>ἐσμέν</em></span> <span class='ocrx_word' id='word_1_138' title='bbox 2091 1971 2160 2034; x_wconf 88' lang='lat' dir='ltr'>in</span> <span class='ocrx_word' id='word_1_139' title='bbox 2218 1971 2618 2035; x_wconf 89' lang='lat' dir='ltr'>contrariam</span> 
     </span>
     <span class='ocr_line' id='line_1_18' title="bbox 453 2072 2619 2159; baseline -0.003 -16"><span class='ocrx_word' id='word_1_140' title='bbox 453 2086 778 2143; x_wconf 83' lang='lat' dir='ltr'>mutatam</span> <span class='ocrx_word' id='word_1_141' title='bbox 851 2084 1048 2159; x_wconf 87' lang='lat' dir='ltr'>atque</span> <span class='ocrx_word' id='word_1_142' title='bbox 1122 2097 1271 2141; x_wconf 90' lang='lat' dir='ltr'>cum</span> <span class='ocrx_word' id='word_1_143' title='bbox 1347 2074 1704 2159; x_wconf 84' lang='lat' dir='ltr'>negatione</span> <span class='ocrx_word' id='word_1_144' title='bbox 1778 2075 2201 2139; x_wconf 86' lang='lat' dir='ltr'>coniunctam</span> <span class='ocrx_word' id='word_1_145' title='bbox 2278 2072 2350 2137; x_wconf 85' lang='lat' dir='ltr'>iu</span> <span class='ocrx_word' id='word_1_146' title='bbox 2422 2073 2619 2137; x_wconf 88' lang='lat' dir='ltr'>initio</span> 
     </span>
     <span class='ocr_line' id='line_1_19' title="bbox 454 2174 2622 2264; baseline -0.002 -19"><span class='ocrx_word' id='word_1_147' title='bbox 454 2180 710 2264; x_wconf 90' lang='lat' dir='ltr'>periodi</span> <span class='ocrx_word' id='word_1_148' title='bbox 756 2179 1103 2264; x_wconf 78' lang='lat' dir='ltr'>dignitatis</span> <span class='ocrx_word' id='word_1_149' title='bbox 1149 2179 1485 2264; x_wconf 80' lang='lat' dir='ltr'>augendae</span> <span class='ocrx_word' id='word_1_150' title='bbox 1530 2199 1725 2244; x_wconf 85' lang='lat' dir='ltr'>causa</span> <span class='ocrx_word' id='word_1_151' title='bbox 1770 2178 2072 2244; x_wconf 75' lang='lat' dir='ltr'>collocat.</span> <span class='ocrx_word' id='word_1_152' title='bbox 2166 2174 2384 2240; x_wconf 82' lang='lat' dir='ltr'>Cardo</span> <span class='ocrx_word' id='word_1_153' title='bbox 2412 2176 2622 2259; x_wconf 85' lang='lat' dir='ltr'>igitur</span> 
     </span>
     <span class='ocr_line' id='line_1_20' title="bbox 455 2279 2620 2367; baseline -0.002 -19"><span class='ocrx_word' id='word_1_154' title='bbox 455 2282 709 2367; x_wconf 88' lang='lat' dir='ltr'>periodi</span> <span class='ocrx_word' id='word_1_155' title='bbox 740 2282 1031 2348; x_wconf 80' lang='lat' dir='ltr'>vertitur</span> <span class='ocrx_word' id='word_1_156' title='bbox 1059 2284 1132 2348; x_wconf 90' lang='lat' dir='ltr'>in</span> <span class='ocrx_word' id='word_1_157' title='bbox 1161 2282 1267 2347; x_wconf 91' lang='lat' dir='ltr'>his</span> <span class='ocrx_word' id='word_1_158' title='bbox 1300 2282 1552 2348; x_wconf 86' lang='lat' dir='ltr'>verbis:</span> <span class='ocrx_word' id='word_1_159' title='bbox 1599 2304 1737 2348; x_wconf 93' lang='lat' dir='ltr'>non</span> <span class='ocrx_word' id='word_1_160' title='bbox 1769 2283 1954 2367; x_wconf 81' lang='lat' dir='ltr'>prius</span> <span class='ocrx_word' id='word_1_161' title='bbox 1986 2303 2184 2367; x_wconf 83' lang='lat' dir='ltr'>quam</span> <span class='ocrx_word' id='word_1_162' title='bbox 2216 2279 2334 2346; x_wconf 91' lang='lat' dir='ltr'>sed</span> <span class='ocrx_word' id='word_1_163' title='bbox 2362 2287 2620 2365; x_wconf 85' lang='lat' dir='ltr'>postea·</span> 
     </span>
     <span class='ocr_line' id='line_1_21' title="bbox 457 2386 2620 2471; baseline -0.004 -21"><span class='ocrx_word' id='word_1_164' title='bbox 457 2407 671 2469; x_wconf 86' lang='lat' dir='ltr'>quam.</span> <span class='ocrx_word' id='word_1_165' title='bbox 790 2387 972 2451; x_wconf 89' lang='lat' dir='ltr'>Hinc</span> <span class='ocrx_word' id='word_1_166' title='bbox 1074 2386 1273 2451; x_wconf 88' lang='lat' dir='ltr'>simul</span> <span class='ocrx_word' id='word_1_167' title='bbox 1359 2386 1654 2451; x_wconf 85' lang='lat' dir='ltr'>efficitur</span> <span class='ocrx_word' id='word_1_168' title='bbox 1740 2387 2162 2471; x_wconf 86' lang='lat' dir='ltr'>negationem</span> <span class='ocrx_word' id='word_1_169' title='bbox 2251 2393 2408 2450; x_wconf 88' lang='lat' dir='ltr'>ante</span> <span class='ocrx_word' id='word_1_170' title='bbox 2497 2386 2620 2467; x_wconf 80' lang='grc' dir='ltr'><em>πρίν</em></span> 
     </span>
     <span class='ocr_line' id='line_1_22' title="bbox 458 2488 2621 2574; baseline -0.001 -21"><span class='ocrx_word' id='word_1_171' title='bbox 458 2490 849 2573; x_wconf 77' lang='lat' dir='ltr'>particulam</span> <span class='ocrx_word' id='word_1_172' title='bbox 925 2490 1210 2574; x_wconf 80' lang='lat' dir='ltr'>positam</span> <span class='ocrx_word' id='word_1_173' title='bbox 1284 2511 1422 2554; x_wconf 89' lang='lat' dir='ltr'>non</span> <span class='ocrx_word' id='word_1_174' title='bbox 1492 2510 1637 2554; x_wconf 88' lang='lat' dir='ltr'>esse</span> <span class='ocrx_word' id='word_1_175' title='bbox 1712 2510 1959 2567; x_wconf 85' lang='lat' dir='ltr'>veram,</span> <span class='ocrx_word' id='word_1_176' title='bbox 2038 2488 2153 2553; x_wconf 88' lang='lat' dir='ltr'>sed</span> <span class='ocrx_word' id='word_1_177' title='bbox 2222 2509 2341 2572; x_wconf 91' lang='lat' dir='ltr'>per</span> <span class='ocrx_word' id='word_1_178' title='bbox 2406 2494 2621 2552; x_wconf 89' lang='lat' dir='ltr'>artem</span> 
     </span>
     <span class='ocr_line' id='line_1_23' title="bbox 454 2591 2616 2674; baseline -0 -16"><span class='ocrx_word' id='word_1_179' title='bbox 454 2592 932 2674; x_wconf 84' lang='lat' dir='ltr'>quodammodo</span> <span class='ocrx_word' id='word_1_180' title='bbox 978 2593 1338 2670; x_wconf 88' lang='lat' dir='ltr'>inductam,</span> <span class='ocrx_word' id='word_1_181' title='bbox 1397 2592 1494 2657; x_wconf 84' lang='lat' dir='ltr'>ita</span> <span class='ocrx_word' id='word_1_182' title='bbox 1549 2601 1628 2657; x_wconf 83' lang='lat' dir='ltr'>ut</span> <span class='ocrx_word' id='word_1_183' title='bbox 1684 2591 1768 2657; x_wconf 87' lang='lat' dir='ltr'>ad</span> <span class='ocrx_word' id='word_1_184' title='bbox 1823 2600 2229 2659; x_wconf 76' lang='lat' dir='ltr'>structuram</span> <span class='ocrx_word' id='word_1_185' title='bbox 2287 2592 2616 2658; x_wconf 89' lang='lat' dir='ltr'>enuntiati</span> 
     </span>
     <span class='ocr_line' id='line_1_24' title="bbox 452 2694 2617 2781; baseline 0 -23"><span class='ocrx_word' id='word_1_186' title='bbox 452 2716 491 2758; x_wconf 88' lang='lat' dir='ltr'>a</span> <span class='ocrx_word' id='word_1_187' title='bbox 534 2697 656 2778; x_wconf 83' lang='grc' dir='ltr'><em>πρίν</em></span> <span class='ocrx_word' id='word_1_188' title='bbox 713 2696 1044 2781; x_wconf 85' lang='lat' dir='ltr'>particula</span> <span class='ocrx_word' id='word_1_189' title='bbox 1106 2694 1456 2780; x_wconf 89' lang='lat' dir='ltr'>pendentis</span> <span class='ocrx_word' id='word_1_190' title='bbox 1509 2717 1596 2759; x_wconf 91' lang='lat' dir='ltr'>ne</span> <span class='ocrx_word' id='word_1_191' title='bbox 1657 2694 2009 2760; x_wconf 86' lang='lat' dir='ltr'>minimum</span> <span class='ocrx_word' id='word_1_192' title='bbox 2064 2695 2329 2778; x_wconf 87' lang='lat' dir='ltr'>quidem</span> <span class='ocrx_word' id='word_1_193' title='bbox 2374 2695 2617 2760; x_wconf 64' lang='lat' dir='ltr'>valeat·</span> 
     </span>
     <span class='ocr_line' id='line_1_25' title="bbox 454 2797 2621 2881; baseline 0.001 -21"><span class='ocrx_word' id='word_1_194' title='bbox 454 2797 584 2861; x_wconf 87' lang='lat' dir='ltr'>Est</span> <span class='ocrx_word' id='word_1_195' title='bbox 638 2819 797 2862; x_wconf 86' lang='lat' dir='ltr'>sane</span> <span class='ocrx_word' id='word_1_196' title='bbox 850 2820 1060 2881; x_wconf 86' lang='lat' dir='ltr'>genus</span> <span class='ocrx_word' id='word_1_197' title='bbox 1119 2797 1382 2863; x_wconf 86' lang='lat' dir='ltr'>dicendi</span> <span class='ocrx_word' id='word_1_198' title='bbox 1437 2797 1868 2864; x_wconf 84' lang='lat' dir='ltr'>rhetoricum.</span> <span class='ocrx_word' id='word_1_199' title='bbox 1968 2799 2065 2862; x_wconf 87' lang='lat' dir='ltr'>Et</span> <span class='ocrx_word' id='word_1_200' title='bbox 2126 2819 2280 2862; x_wconf 89' lang='lat' dir='ltr'>vere</span> <span class='ocrx_word' id='word_1_201' title='bbox 2327 2797 2457 2878; x_wconf 89' lang='lat' dir='ltr'>duo</span> <span class='ocrx_word' id='word_1_202' title='bbox 2502 2798 2621 2862; x_wconf 86' lang='lat' dir='ltr'>illa</span> 
     </span>
     <span class='ocr_line' id='line_1_26' title="bbox 455 2887 2620 2984; baseline 0 -21"><span class='ocrx_word' id='word_1_203' title='bbox 455 2899 762 2982; x_wconf 84' lang='lat' dir='ltr'>exempla</span> <span class='ocrx_word' id='word_1_204' title='bbox 816 2908 1176 2964; x_wconf 85' lang='lat' dir='ltr'>occurrunt</span> <span class='ocrx_word' id='word_1_205' title='bbox 1240 2902 1312 2963; x_wconf 90' lang='lat' dir='ltr'>in</span> <span class='ocrx_word' id='word_1_206' title='bbox 1368 2902 1800 2967; x_wconf 78' lang='lat' dir='ltr'>orationibus,</span> <span class='ocrx_word' id='word_1_207' title='bbox 1910 2900 2356 2984; x_wconf 86' lang='lat' dir='ltr'>Antiphontis</span> <span class='ocrx_word' id='word_1_208' title='bbox 2400 2887 2620 2964; x_wconf 88' lang='lat' dir='ltr'>locum</span> 
     </span>
     <span class='ocr_line' id='line_1_27' title="bbox 455 2999 2619 3084; baseline 0.002 -20"><span class='ocrx_word' id='word_1_209' title='bbox 455 3001 541 3079; x_wconf 88' lang='lat' dir='ltr'>V,</span> <span class='ocrx_word' id='word_1_210' title='bbox 599 2999 702 3079; x_wconf 85' lang='lat'>25,</span> <span class='ocrx_word' id='word_1_211' title='bbox 760 3002 875 3084; x_wconf 89' lang='lat' dir='ltr'>qui</span> <span class='ocrx_word' id='word_1_212' title='bbox 931 3002 1014 3066; x_wconf 87' lang='lat' dir='ltr'>ad</span> <span class='ocrx_word' id='word_1_213' title='bbox 1068 3002 1341 3074; x_wconf 84' lang='lat' dir='ltr'>eandem</span> <span class='ocrx_word' id='word_1_214' title='bbox 1399 3003 1538 3066; x_wconf 87' lang='lat' dir='ltr'>fere</span> <span class='ocrx_word' id='word_1_215' title='bbox 1595 3004 1923 3067; x_wconf 81' lang='lat' dir='ltr'>rationem</span> <span class='ocrx_word' id='word_1_216' title='bbox 1981 3004 2430 3069; x_wconf 86' lang='lat' dir='ltr'>conformatus</span> <span class='ocrx_word' id='word_1_217' title='bbox 2497 3014 2619 3083; x_wconf 88' lang='lat' dir='ltr'>est,</span> 
     </span>
     <span class='ocr_line' id='line_1_28' title="bbox 454 3104 2627 3189; baseline -0.001 -19"><span class='ocrx_word' id='word_1_218' title='bbox 454 3106 526 3171; x_wconf 89' lang='lat' dir='ltr'>in</span> <span class='ocrx_word' id='word_1_219' title='bbox 594 3104 1154 3189; x_wconf 86' lang='lat' dir='ltr'>comparationem</span> <span class='ocrx_word' id='word_1_220' title='bbox 1224 3125 1551 3170; x_wconf 76' lang='lat' dir='ltr'>vocemus,</span> <span class='ocrx_word' id='word_1_221' title='bbox 1650 3105 1878 3171; x_wconf 88' lang='lat' dir='ltr'>Verba</span> <span class='ocrx_word' id='word_1_222' title='bbox 1935 3115 2094 3171; x_wconf 89' lang='lat' dir='ltr'>sunt</span> <span class='ocrx_word' id='word_1_223' title='bbox 2147 3107 2340 3172; x_wconf 84' lang='lat' dir='ltr'>haec:</span> <span class='ocrx_word' id='word_1_224' title='bbox 2396 3111 2627 3189; x_wconf 80' lang='grc' dir='ltr'><em>πρῶτον</em></span> 
     </span>
     <span class='ocr_line' id='line_1_29' title="bbox 449 3206 2622 3294; baseline 0.002 -27"><span class='ocrx_word' id='word_1_225' title='bbox 449 3207 559 3290; x_wconf 81' lang='grc' dir='ltr'><em>μὲν</em></span> <span class='ocrx_word' id='word_1_226' title='bbox 614 3209 729 3291; x_wconf 77' lang='grc' dir='ltr'>γὰρ</span> <span class='ocrx_word' id='word_1_227' title='bbox 788 3209 911 3290; x_wconf 78' lang='grc' dir='ltr'><em>πρὶν</em></span> <span class='ocrx_word' id='word_1_228' title='bbox 967 3206 1302 3289; x_wconf 74' lang='grc' dir='ltr'><em>ἀνάγεσθαί</em></span> <span class='ocrx_word' id='word_1_229' title='bbox 1330 3229 1409 3289; x_wconf 79' lang='grc' dir='ltr'>με</span> <span class='ocrx_word' id='word_1_230' title='bbox 1466 3209 1554 3274; x_wconf 76' lang='grc' dir='ltr'>εἷς</span> <span class='ocrx_word' id='word_1_231' title='bbox 1600 3207 1697 3289; x_wconf 75' lang='grc' dir='ltr'><em>τὴν</em></span> <span class='ocrx_word' id='word_1_232' title='bbox 1753 3208 1911 3270; x_wconf 85' lang='grc' dir='ltr'><em>Αἶνον</em></span> <span class='ocrx_word' id='word_1_233' title='bbox 1957 3208 2153 3277; x_wconf 77' lang='grc' dir='ltr'><em>οὐδεὶς</em></span> <span class='ocrx_word' id='word_1_234' title='bbox 2197 3207 2482 3294; x_wconf 71' lang='grc' dir='ltr'><em>ᾐτιάσατό</em></span> <span class='ocrx_word' id='word_1_235' title='bbox 2542 3232 2622 3291; x_wconf 80' lang='grc' dir='ltr'>με</span> 
     </span>
     <span class='ocr_line' id='line_1_30' title="bbox 456 3308 2620 3397; baseline 0.001 -27"><span class='ocrx_word' id='word_1_236' title='bbox 456 3310 799 3392; x_wconf 78' lang='grc' dir='ltr'><em>ἀνθρώπων·</em></span> <span class='ocrx_word' id='word_1_237' title='bbox 847 3311 1042 3393; x_wconf 75' lang='grc' dir='ltr'><em>ἐπειδὴ</em></span> <span class='ocrx_word' id='word_1_238' title='bbox 1087 3310 1158 3372; x_wconf 84' lang='grc' dir='ltr'>δὲ</span> <span class='ocrx_word' id='word_1_239' title='bbox 1204 3310 1324 3392; x_wconf 79' lang='grc' dir='ltr'>ἐγώ</span> <span class='ocrx_word' id='word_1_240' title='bbox 1369 3331 1435 3371; x_wconf 84' lang='grc' dir='ltr'>τε</span> <span class='ocrx_word' id='word_1_241' title='bbox 1477 3308 1709 3394; x_wconf 81' lang='grc' dir='ltr'><em>ᾠχόμην</em></span> <span class='ocrx_word' id='word_1_242' title='bbox 1756 3311 1942 3372; x_wconf 84' lang='grc' dir='ltr'><em>πλέων</em></span> <span class='ocrx_word' id='word_1_243' title='bbox 1985 3348 2072 3359; x_wconf 91' lang='lat'>--</span> <span class='ocrx_word' id='word_1_244' title='bbox 2117 3314 2251 3374; x_wconf 82' lang='grc' dir='ltr'><em>τότε</em></span> <span class='ocrx_word' id='word_1_245' title='bbox 2290 3312 2620 3397; x_wconf 72' lang='grc' dir='ltr'><em>ᾐτιάσαντο.</em></span> 
     </span>
     <span class='ocr_line' id='line_1_31' title="bbox 456 3412 2622 3501; baseline 0.002 -24"><span class='ocrx_word' id='word_1_246' title='bbox 456 3412 639 3478; x_wconf 92' lang='lat' dir='ltr'>Illud</span> <span class='ocrx_word' id='word_1_247' title='bbox 681 3421 944 3481; x_wconf 85' lang='lat' dir='ltr'>tantum</span> <span class='ocrx_word' id='word_1_248' title='bbox 988 3415 1290 3492; x_wconf 89' lang='lat' dir='ltr'>interest,</span> <span class='ocrx_word' id='word_1_249' title='bbox 1347 3413 1521 3497; x_wconf 90' lang='lat' dir='ltr'>quod</span> <span class='ocrx_word' id='word_1_250' title='bbox 1561 3414 1863 3476; x_wconf 72' lang='grc' dir='ltr'><em>ἀντίθετον</em></span> <span class='ocrx_word' id='word_1_251' title='bbox 1908 3416 2083 3499; x_wconf 85' lang='lat' dir='ltr'>apud</span> <span class='ocrx_word' id='word_1_252' title='bbox 2129 3417 2622 3501; x_wconf 87' lang='lat' dir='ltr'>Antiphontem</span> 
     </span>
     <span class='ocr_line' id='line_1_32' title="bbox 455 3516 2620 3605; baseline 0.003 -25"><span class='ocrx_word' id='word_1_253' title='bbox 455 3516 600 3581; x_wconf 89' lang='lat' dir='ltr'>sine</span> <span class='ocrx_word' id='word_1_254' title='bbox 652 3517 794 3583; x_wconf 85' lang='lat' dir='ltr'>ulla</span> <span class='ocrx_word' id='word_1_255' title='bbox 855 3518 1210 3584; x_wconf 81' lang='lat' dir='ltr'>verborum</span> <span class='ocrx_word' id='word_1_256' title='bbox 1265 3516 1487 3603; x_wconf 89' lang='lat' dir='ltr'>ellipsi</span> <span class='ocrx_word' id='word_1_257' title='bbox 1538 3519 1743 3603; x_wconf 66' lang='lat' dir='ltr'>¹plane</span> <span class='ocrx_word' id='word_1_258' title='bbox 1807 3521 2214 3605; x_wconf 77' lang='lat' dir='ltr'>explicatum</span> <span class='ocrx_word' id='word_1_259' title='bbox 2263 3543 2380 3605; x_wconf 90' lang='lat' dir='ltr'>per</span> <span class='ocrx_word' id='word_1_260' title='bbox 2424 3543 2620 3587; x_wconf 88' lang='lat' dir='ltr'>voces</span> 
     </span>
     <span class='ocr_line' id='line_1_33' title="bbox 448 3620 2627 3708; baseline 0.003 -28"><span class='ocrx_word' id='word_1_261' title='bbox 448 3620 560 3703; x_wconf 89' lang='grc' dir='ltr'><em>μέν</em></span> <span class='ocrx_word' id='word_1_262' title='bbox 603 3656 691 3668; x_wconf 93' lang='lat'>—-</span> <span class='ocrx_word' id='word_1_263' title='bbox 748 3621 824 3682; x_wconf 83' lang='grc' dir='ltr'>δέ</span> <span class='ocrx_word' id='word_1_264' title='bbox 891 3622 1164 3688; x_wconf 86' lang='lat' dir='ltr'>formari</span> <span class='ocrx_word' id='word_1_265' title='bbox 1240 3623 1569 3708; x_wconf 47' lang='lat' dir='ltr'>videmus⁸</span> <span class='ocrx_word' id='word_1_266' title='bbox 1619 3627 1873 3706; x_wconf 77' lang='grc' dir='ltr'><em>(πρῶτον</em></span> <span class='ocrx_word' id='word_1_267' title='bbox 1941 3623 2050 3705; x_wconf 81' lang='grc' dir='ltr'><em>μὲν</em></span> <span class='ocrx_word' id='word_1_268' title='bbox 2123 3626 2247 3708; x_wconf 83' lang='grc' dir='ltr'><em>πρίν</em></span> <span class='ocrx_word' id='word_1_269' title='bbox 2299 3660 2385 3669; x_wconf 93' lang='grc'><strong>-</strong></span> <span class='ocrx_word' id='word_1_270' title='bbox 2429 3624 2627 3693; x_wconf 76' lang='grc' dir='ltr'><em>οὐδεὶς·</em></span> 
     </span>
     <span class='ocr_line' id='line_1_34' title="bbox 449 3723 2620 3813; baseline 0.004 -29"><span class='ocrx_word' id='word_1_271' title='bbox 449 3723 751 3808; x_wconf 74' lang='grc' dir='ltr'><em>ᾐτιάσατο,</em></span> <span class='ocrx_word' id='word_1_272' title='bbox 784 3724 980 3808; x_wconf 77' lang='grc' dir='ltr'><em>ἐπειδὴ</em></span> <span class='ocrx_word' id='word_1_273' title='bbox 1011 3725 1087 3786; x_wconf 86' lang='grc' dir='ltr'>δέ</span> <span class='ocrx_word' id='word_1_274' title='bbox 1108 3762 1196 3772; x_wconf 91' lang='grc'>---</span> <span class='ocrx_word' id='word_1_275' title='bbox 1232 3727 1366 3787; x_wconf 83' lang='grc' dir='ltr'><em>τότε</em></span> <span class='ocrx_word' id='word_1_276' title='bbox 1392 3725 1749 3810; x_wconf 76' lang='grc' dir='ltr'><em>ᾐτιάσαντο),</em></span> <span class='ocrx_word' id='word_1_277' title='bbox 1781 3726 1956 3810; x_wconf 83' lang='lat' dir='ltr'>apud</span> <span class='ocrx_word' id='word_1_278' title='bbox 1985 3727 2440 3813; x_wconf 81' lang='lat' dir='ltr'>Thucydidem</span> <span class='ocrx_word' id='word_1_279' title='bbox 2462 3750 2620 3793; x_wconf 81' lang='lat' dir='ltr'>vero</span> 
     </span>
     <span class='ocr_line' id='line_1_35' title="bbox 456 3828 2630 3916; baseline 0.003 -24"><span class='ocrx_word' id='word_1_280' title='bbox 456 3837 730 3912; x_wconf 87' lang='lat' dir='ltr'>propter</span> <span class='ocrx_word' id='word_1_281' title='bbox 774 3828 1175 3894; x_wconf 86' lang='lat' dir='ltr'>brevitatem</span> <span class='ocrx_word' id='word_1_282' title='bbox 1221 3828 1481 3893; x_wconf 87' lang='lat' dir='ltr'>dicendi</span> <span class='ocrx_word' id='word_1_283' title='bbox 1531 3830 1740 3913; x_wconf 83' lang='lat' dir='ltr'>magis</span> <span class='ocrx_word' id='word_1_284' title='bbox 1786 3840 2200 3896; x_wconf 88' lang='lat' dir='ltr'>contractum</span> <span class='ocrx_word' id='word_1_285' title='bbox 2243 3854 2364 3916; x_wconf 87' lang='lat' dir='ltr'>per</span> <span class='ocrx_word' id='word_1_286' title='bbox 2415 3834 2630 3916; x_wconf 78' lang='lat' dir='ltr'>parti·‚</span> 
     </span>
     <span class='ocr_line' id='line_1_36' title="bbox 457 3930 2623 4018; baseline -0 -22"><span class='ocrx_word' id='word_1_287' title='bbox 457 3930 674 3996; x_wconf 77' lang='lat' dir='ltr'>culam</span> <span class='ocrx_word' id='word_1_288' title='bbox 720 3933 865 3992; x_wconf 80' lang='grc' dir='ltr'><em>ἀλλὰ</em></span> <span class='ocrx_word' id='word_1_289' title='bbox 906 3932 1189 3998; x_wconf 80' lang='lat' dir='ltr'>indica-ri</span> <span class='ocrx_word' id='word_1_290' title='bbox 1224 3932 1818 3998; x_wconf 79' lang='lat' dir='ltr'>animadvertimus</span> <span class='ocrx_word' id='word_1_291' title='bbox 1864 3933 1959 4012; x_wconf 80' lang='grc' dir='ltr'>(οὐ</span> <span class='ocrx_word' id='word_1_292' title='bbox 2003 3936 2126 4016; x_wconf 66' lang='grc' dir='ltr'><em>ποὲν</em></span> <span class='ocrx_word' id='word_1_293' title='bbox 2172 3938 2491 4018; x_wconf 85' lang='grc' dir='ltr'><em>πολιορκεῖν</em></span> <span class='ocrx_word' id='word_1_294' title='bbox 2537 3969 2623 3982; x_wconf 88' lang='lat'>—-·</span> 
     </span>
     <span class='ocr_line' id='line_1_37' title="bbox 458 4034 2619 4122; baseline 0.003 -27"><span class='ocrx_word' id='word_1_295' title='bbox 458 4034 576 4095; x_wconf 79' lang='grc' dir='ltr'><em>ἀλλ’</em></span> <span class='ocrx_word' id='word_1_296' title='bbox 640 4036 884 4119; x_wconf 74' lang='grc' dir='ltr'><em>ἐπειδή).</em></span> <span class='ocrx_word' id='word_1_297' title='bbox 994 4037 1188 4104; x_wconf 87' lang='lat' dir='ltr'>Hanc</span> <span class='ocrx_word' id='word_1_298' title='bbox 1253 4036 1610 4101; x_wconf 87' lang='lat' dir='ltr'>formulam</span> <span class='ocrx_word' id='word_1_299' title='bbox 1676 4036 1939 4104; x_wconf 87' lang='lat' dir='ltr'>dicendi</span> <span class='ocrx_word' id='word_1_300' title='bbox 2005 4038 2462 4122; x_wconf 79' lang='lat' dir='ltr'>Thucydidem</span> <span class='ocrx_word' id='word_1_301' title='bbox 2537 4037 2619 4101; x_wconf 87' lang='lat' dir='ltr'>ab</span> 
     </span>
     <span class='ocr_line' id='line_1_38' title="bbox 460 4138 2621 4225; baseline -0 -22"><span class='ocrx_word' id='word_1_302' title='bbox 460 4139 878 4223; x_wconf 86' lang='lat' dir='ltr'>Antiphonte</span> <span class='ocrx_word' id='word_1_303' title='bbox 922 4139 1245 4205; x_wconf 87' lang='lat' dir='ltr'>delibasse</span> <span class='ocrx_word' id='word_1_304' title='bbox 1289 4161 1564 4225; x_wconf 88' lang='lat' dir='ltr'>eamque</span> <span class='ocrx_word' id='word_1_305' title='bbox 1610 4141 1684 4208; x_wconf 92' lang='lat' dir='ltr'>in</span> <span class='ocrx_word' id='word_1_306' title='bbox 1728 4163 1923 4208; x_wconf 86' lang='lat' dir='ltr'>suum</span> <span class='ocrx_word' id='word_1_307' title='bbox 1968 4163 2161 4207; x_wconf 89' lang='lat' dir='ltr'>usum</span> <span class='ocrx_word' id='word_1_308' title='bbox 2208 4138 2621 4205; x_wconf 87' lang='lat' dir='ltr'>convertisse</span> 
     </span>
    </p>
   </div>
  </div>
 </body>
</html>
