3088 4580
2501 253 2604 342 ‘39

461 461 882 538 destiterunt,
942 465 1294 551 postquam
1359 459 1546 524 vicus
1604 467 1833 543 captus
1879 467 1998 524 est.
2090 460 2238 525 Hac
2288 460 2499 546 igitur
2550 462 2625 526 in

344 566 348 570 Α
461 587 532 629 re
577 564 706 628 duo
750 563 1059 646 exempla
1112 562 1289 626 inter
1326 583 1416 630 ,se
1461 576 1856 647 congruunt,
1915 561 2091 645 quod
2148 565 2481 630 sententia
2524 586 2624 629 se-

462 667 778 737 cundaria
858 666 1156 751 perfecta
1240 666 1560 749 primaria
1650 666 1722 730 in
1808 666 2218 731 contrarium
2303 676 2622 733 mutatur.

461 771 764 836 Navibus
813 770 989 834 enim
1047 769 1420 853 conspectis
1463 789 1602 833 non
1656 760 1790 832 iam
1844 768 2071 833 mirati
2124 776 2300 846 sunt,
2364 778 2432 834 et
2474 771 2624 835 vico

463 882 654 958 capto
701 872 962 938 obsides
1009 871 1350 937 dederunt.
1409 908 1496 917 —
1555 869 1692 937 Sed
1749 892 1868 935 sex
1915 871 2036 935 illa
2079 872 2403 955 exempla,
2461 893 2627 956 quae

465 976 895 1042 antecedente
951 975 1286 1043 sententia
1329 974 1737 1039 affirmativa
1789 974 2230 1040 indicativum
2285 975 2624 1058 praebent,

463 1079 838 1144 accuratius
868 1079 1318 1162 inspiciamus,
1409 1076 1664 1158 Quater
1694 1077 1994 1161 sequitur
2024 1077 2313 1143 aoristus
2344 1078 2398 1155 I,
2426 1079 2528 1158 51,
2554 1079 2594 1144 2
2609 1104 2624 1159 ;

464 1182 596 1260 ΙΠ,
658 1180 761 1260 29,
825 1181 895 1261 1;
971 1181 1103 1259 ΙΙΙ,
1169 1178 1310 1258 104,
1369 1179 1428 1259 7,
1510 1181 1671 1257 VII,
1737 1179 1838 1257 71,
1897 1180 1957 1259 4,
2034 1181 2240 1246 semel
2313 1204 2626 1265 praesens

463 1285 855 1351 historicum
913 1284 1072 1362 VII,
1141 1280 1245 1363 39,
1306 1283 1364 1359 2,
1434 1285 1641 1349 semel
1705 1284 2169 1368 imperfectum
2223 1285 2279 1363 Ι,
2355 1284 2496 1363 118,
2564 1285 2624 1351 2.

466 1386 818 1454 Sententia
888 1379 1206 1471 primaria
1277 1388 1668 1471 plerumque
1729 1388 2133 1472 exprimitur
2206 1388 2594 1472 imperfecto
2607 1412 2624 1468 ;

461 1494 592 1570 III,
640 1489 745 1567 29,
796 1490 825 1554 1
877 1497 1100 1555 exstat
1143 1513 1474 1575 praesenS,
1521 1492 1655 1569 III,
1694 1490 1834 1569 104,
1867 1490 1904 1554 7
1952 1491 2259 1557 aoristus.
2349 1491 2624 1556 Etenim

461 1619 497 1661 e
557 1604 799 1660 natura
864 1594 1073 1659 totius
1139 1593 1394 1677 periodi
1463 1594 1791 1676 sequitur,
1860 1601 1937 1658 ut
2002 1584 2425 1659 enuntiatum
2488 1596 2624 1678 pri-

461 1699 748 1763 marium
791 1719 928 1761 non
958 1718 1096 1760 rem
1130 1697 1336 1761 semel
1365 1697 1628 1775 factam,
1675 1698 1790 1762 sed
1835 1705 2087 1764 statum
2124 1699 2625 1771 siveactionem

465 1802 817 1867 durantem
877 1800 1373 1884 complectatur.
1480 1800 1749 1881 Quanto
1805 1800 2028 1865 minus
2092 1802 2425 1867 sententia
2489 1805 2627 1887 pri-

464 1906 676 1970 maria
709 1904 792 1977 ad
822 1925 963 1968 rem
993 1925 1191 1987 quam
1223 1904 1564 1969 celerrime
1595 1904 1956 1987 perfectam
1987 1912 2260 1987 spectat,
2309 1926 2385 1969 eo
2416 1907 2625 1990 magis

465 2011 752 2093 impetus
821 2030 920 2072 ac·
958 2009 1062 2072 vis
1131 2008 1501 2073 sententiae
1569 2007 1845 2084 alterius
1911 2008 2261 2090 repentina
2324 2017 2620 2093 augetur.

466 2112 786 2195 Exempli
849 2112 1065 2196 gratia
1134 2111 1540 2194 explicemus
1610 2131 1805 2193 quem
1881 2129 2082 2193 supra
2154 2111 2626 2195 exscripsimus

465 2217 682 2281 locum
716 2215 770 2292 Ι,
820 2214 921 2292 51,
969 2213 1026 2277 2.
1120 2211 1476 2297 Corcyraei
1514 2213 1944 2278 vehementer
1972 2212 2407 2294 mirabantur,
2453 2215 2628 2298 quod

469 2318 858 2385 Corinthios
903 2326 1090 2402 terga
1134 2317 1368 2382 dantes
1401 2316 1736 2396 viderunt,
1782 2317 2096 2400 quoniam
2141 2339 2402 2383 causam
2433 2320 2626 2405 fugae

465 2445 602 2487 non
644 2421 1153 2506 perspiciebant.
1258 2418 1498 2486 Subito
1544 2421 2065 2486 Atheniensium
2119 2443 2326 2487 naves
2370 2422 2623 2487 auxilio

464 2526 776 2592 advectae
819 2525 893 2589 in
938 2532 1366 2608 conspectum
1411 2525 1711 2602 veniunt,
1758 2547 1834 2590 ac
1878 2526 2128 2591 clamor
2167 2526 2429 2592 existit:
2476 2548 2626 2592 ecce

461 2651 664 2695 naves
744 2628 1382 2713 appropinquantes!
1504 2629 1789 2694 Factum
1887 2629 2097 2714 igitur
2195 2631 2624 2714 repentinum

461 2736 789 2799 actionem
858 2733 1241 2817 primariam
1311 2732 1498 2814 quasi
1566 2732 1941 2816 perrumpit
2012 2739 2232 2814 atque.
2283 2734 2623 2816 opprimit.

461 2838 764 2919 Namque
840 2833 1247 2918 Corcyraeos
1322 2857 1361 2898 a
1424 2835 1728 2900 mirando
1796 2835 2150 2913 destitisse,
2228 2836 2626 2919 simulatque

462 2939 746 3004 navibus
793 2938 1163 3020 conspectis
1209 2937 1390 3001 iusta
1434 2936 1648 3001 defuit
1693 2957 1907 3014 causa,
1957 2944 2472 3002 consentaneum
2502 2947 2623 3006 est.

461 3043 559 3106 Et
601 3040 897 3124 profecto
930 3059 1262 3122 praesens,
1310 3038 1478 3120 quod
1514 3039 1677 3117 VII,
1725 3036 1828 3116 39,
1875 3037 1915 3102 2
1960 3038 2325 3118 invenitur,
2371 3041 2627 3107 nullam

463 3144 660 3208 aliam
705 3142 908 3206 habet
952 3161 1235 3219 causam,
1282 3162 1478 3223 qua-m
1522 3150 1601 3205 ut
1645 3142 1856 3206 oratio
1900 3140 2301 3208 vividiorem
2347 3144 2627 3228 accipiat

381 3302 391 3309 ,
463 3248 776 3312 colorem,
865 3244 1002 3322 (Τὸν
1044 3243 1217 3304 αὐτὸν
1248 3245 1458 3326 τρόπον
1504 3242 1676 3310 αὖθις
1716 3243 1804 3304 ἐπὶ
1848 3244 1985 3305 πολὺ
2030 3245 2222 3327 διῆγον
2268 3249 2368 3328 τῆς
2406 3246 2632 3329 ἡμέρας·

463 3349 809 3431 πειρώμενοι
852 3348 1125 3429 ἀλλήλων,
1170 3350 1294 3430 πρὶν
1338 3347 1408 3428 δὴ
1454 3345 1737 3430 Ἀρίστων
1796 3383 1883 3394 —
1942 3348 2174 3425 πείθει.)
2274 3347 2409 3415 Sed
2467 3351 2626 3434 quid

463 3454 779 3518 faciamus
825 3452 903 3517 de
946 3474 1080 3516 uno
1125 3451 1269 3516 loco
1314 3452 1371 3529 I,
1409 3448 1551 3529 118,
1586 3451 1645 3530 2,
1694 3452 1879 3516 cuius
1912 3451 2215 3535 apodosis
2248 3454 2628 3519 continetur

462 3556 894 3640 imperfecto?
981 3553 1296 3637 (ἡσύχαζον
1357 3556 1424 3615 τὸ
1486 3554 1656 3615 πλέον
1715 3557 1817 3614 τοῦ
1861 3555 2086 3639 χρόνου
2139 3590 2243 3628 -,
2300 3558 2421 3639 πρὶν
2476 3558 2547 3639 δὴ
2590 3558 2624 3639 ἦ

463 3659 700 3742 δύναμις·
762 3662 875 3719 τῶν
920 3657 1239 3740 Ἀθηναίων
1294 3662 1506 3739 σαφῶς
1563 3657 1788 3743 ᾔοετο).
1888 3656 2226 3739 Quidnam
2290 3661 2625 3743 repentini

461 3766 530 3828 in
584 3763 918 3829 sententia
961 3760 1350 3827 secundaria
1392 3762 1612 3827 inest?
1704 3761 1838 3829 Sed
1892 3769 2071 3827 recte
2125 3782 2247 3826 nos
2299 3762 2623 3828 iudicasse

461 3876 646 3951 patet
690 3890 725 3931 e
771 3887 972 3931 sensu
990 3888 1005 3944 ;
1050 3866 1125 3930 in
1153 3865 1468 3932 adverbio
1514 3866 1692 3929 enim
1738 3869 1951 3946 σαφῶς·
1989 3865 2156 3930 latet
2202 3866 2387 3930 notio
2432 3865 2623 3929 vorbi

462 3969 811 4047 sentiendi,
856 3969 953 4034 ita
995 3974 1074 4032 ut
1118 3967 1242 4032 hoc
1280 3968 1473 4033 modo
1518 3968 2066 4050 interpretemur:
2113 3968 2622 4032 Lacedaemonii

465 4074 660 4164 otiosi
706 4079 915 4150 erant,
963 4093 1167 4155 quum
1198 4071 1715 4135 Atheniensium
1756 4092 1911 4154 opes
1959 4091 2251 4134 crescere
2296 4070 2619 4152 apparuit.

468 4172 691 4240 Simili
745 4174 940 4240 modo
996 4175 1126 4239 alia
1183 4176 1504 4257 asperitas
1553 4181 1976 4256 exaequatur.
2070 4172 2381 4236 Aoristus
2427 4190 2620 4243 unus,
