3088 4580
2604 244 2687 313 45

532 446 709 504 earet
772 459 984 522 neque
1055 444 1188 501 tam
1260 437 1565 502 celeriter
1630 436 1989 515 narrantis,
2068 457 2265 519 quam
2330 436 2689 519 tranquille

532 541 1042 625 contemplantis
1088 549 1207 606 est.
1298 541 1483 607 Haec
1528 541 1735 625 igitur
1780 538 1979 604 dictio
2026 539 2189 603 locis
2235 538 2687 604 deliberativis

527 645 748 726 potius
836 645 1165 710 convenit.
1272 644 1463 710 Bono
1530 643 1723 709 nobis
1791 642 2121 726 contingit
2165 662 2337 720 casu,
2385 649 2462 706 ut
2526 642 2688 707 duos

529 747 703 830 apud
749 746 1206 831 Thucydidem
1262 748 1442 812 locos
1498 746 1876 824 habeamus,
1941 744 2055 828 qui
2115 751 2193 808 ut
2237 744 2578 809 vocabulis
2623 754 2691 808 et

529 851 744 915 forma
788 851 1058 930 simileS,
1103 852 1202 914 ita
1244 850 1443 915 huius
1477 856 1851 915 structurae
1884 848 2270 914 diversitate
2301 848 2688 932 segregandi

532 962 704 1018 sunt.
798 954 1082 1038 Legitur
1122 953 1209 1031 V,
1273 951 1371 1032 10,
1419 952 1489 1017 9:
1561 952 1629 1012 οὐ
1684 954 1969 1036 πρότερον
2023 950 2323 1022 ἐνέδοσαν,
2381 953 2504 1033 πρὶν
2547 952 2582 1034 ἦ
2626 974 2691 1013 τε

534 1057 806 1139 Μυρκινία
848 1058 944 1117 καὶ
986 1057 1019 1138 ἡ
1049 1055 1357 1138 Χαλκιδικὴ
1401 1058 1565 1122 ἵππος
1602 1058 1698 1116 καὶ
1742 1058 1799 1115 οἱ
1833 1057 2143 1116 πελτασταὶ
2187 1056 2558 1137 περιστάντες
2596 1058 2694 1116 καὶ

532 1159 1003 1228 ἐσακοντίζοντες
1044 1158 1255 1225 αὐτοὺς
1296 1155 1580 1242 ἔτρεφαν;
1638 1180 1919 1242 quocum
1977 1168 2395 1244 comparetur
2447 1162 2540 1240 II,
2589 1159 2690 1240 65,

537 1261 642 1326 12:
704 1262 772 1323 οὐ
827 1263 1111 1345 πρότερον
1164 1261 1464 1341 ἐνέδοσαν,
1527 1261 1561 1344 ἢ
1619 1262 1781 1323 αὐτοὶ
1846 1261 1906 1323 ἐν
1972 1266 2134 1344 σφίσι
2194 1264 2291 1323 καὶ
2349 1268 2474 1329 ταῖς
2530 1263 2692 1328 ἰδίαις

532 1365 846 1449 διαφοραῖς
882 1367 1295 1447 περιπεσόντες
1321 1365 1678 1447 ἐσφάλησαν.
1768 1365 2003 1429 Priore
2033 1366 2175 1431 loeo
2207 1368 2379 1432 actio
2418 1367 2693 1453 fugandi

532 1470 868 1553 extemplo
914 1469 995 1534 ad
1028 1470 1337 1534 effectum
1369 1469 1558 1533 venit
1587 1477 1657 1533 et
1683 1462 1977 1533 narratio
2009 1490 2079 1534 se
2110 1471 2317 1535 vertit
2347 1470 2427 1535 ad
2468 1470 2690 1554 fugam

534 1571 1063 1636 describendam:
1111 1571 1266 1633 οὕτω
1314 1570 1384 1631 δὲ
1429 1571 1496 1631 τὸ
1541 1572 1879 1653 στράτευμα
1921 1576 2028 1632 πᾶν
2070 1570 2178 1654 ἤδη
2223 1576 2336 1633 τῶν
2383 1571 2693 1656 Ἀθηναίων

535 1675 716 1755 φυγὺν
761 1675 880 1733 κτλ.
969 1674 1208 1739 Altero
1251 1675 1397 1739 loco
1442 1673 1698 1738 nullam
1729 1674 2046 1740 habemus
2090 1697 2313 1740 rerum
2358 1683 2695 1760 gestarum

450 1812 453 1815 ·
536 1778 1003 1855 narrationem,
1072 1777 1185 1841 sed
1252 1798 1418 1859 quae
1475 1777 1896 1860 Thucydides
1951 1778 2093 1861 ipse
2148 1778 2227 1842 de
2285 1779 2568 1844 Periclis
2622 1781 2695 1844 in

492 1882 497 1883 ⁷
535 1901 675 1945 rem
730 1880 1065 1964 publicam
1117 1880 1379 1945 meritis
1442 1888 1511 1944 et
1567 1879 1646 1943 de
1702 1880 1932 1963 populi
1978 1881 2414 1947 Atheniensis
2472 1882 2694 1947 indole

534 2004 611 2047 ac
677 1984 915 2048 robore
970 1983 1239 2063 iudicat,
1296 1983 1647 2065 eloquitur.
1754 1980 2112 2049 Concludit
2178 1984 2458 2067 denique
2523 1985 2695 2050 hanc

535 2086 1114 2152 ratiocinationem
1170 2086 1276 2150 his
1334 2086 1587 2151 verbis:
1656 2084 1724 2144 οὐ
1779 2086 2064 2167 πρότερον
2120 2086 2419 2157 ἐνέδοσαν,
2488 2087 2521 2169 ἢ
2576 2091 2693 2149 κτλ.

535 2190 795 2254 Eodem
847 2189 1041 2254 modo
1100 2190 1299 2255 etiam
1347 2189 1546 2268 VIII,
1593 2186 1699 2266 24,
1748 2189 1806 2266 5,
1865 2210 2067 2270 quum
2113 2190 2325 2273 qualis
2372 2189 2695 2256 Chiorum

538 2296 739 2360 fuerit
763 2302 916 2359 ante
948 2294 1383 2360 defectionem
1414 2293 1713 2359 condicio
1746 2292 2176 2369 describatur,
2209 2295 2379 2360 ratio
2405 2302 2695 2362 contem-

534 2399 791 2482 plativa
853 2399 1194 2482 praevalet
1258 2400 1381 2477 (καὶ
1446 2395 1571 2458 οὐδ’
1636 2396 1807 2478 αὐτὴν
1873 2396 1969 2478 τὴν
2035 2398 2347 2458 ἀπόστασιν
2411 2399 2696 2482 πρότερον
2762 2452 2765 2455 ,

535 2501 856 2584 ἐτόλμησαν
920 2502 1272 2583 ποιήσασθαι
1335 2499 1369 2583 ἢ
1428 2503 1585 2584 μετὰ
1650 2502 1867 2561 πολλῶν
1932 2522 1998 2560 τε
2064 2501 2307 2582 ἀγαθῶν
2380 2501 2696 2587 ξυμμάχων

534 2602 773 2687 ἔμελλον
819 2604 1354 2686 ξυγκινδυνεύσειν).

705 2710 851 2774 Iam
918 2731 1097 2774 nunc
1162 2708 1591 2792 pervenimus
1658 2706 1741 2771 ad
1805 2705 1876 2770 id
1942 2707 2399 2790 exemplorum
2463 2730 2693 2793 genus,

536 2811 712 2892 quod
780 2812 863 2875 ad
929 2820 1192 2895 tempus
1261 2812 1566 2875 futurum
1623 2810 1933 2893 pertinet.
2032 2809 2117 2873 In
2183 2812 2528 2876 enuntiato
2594 2833 2697 2876 se-

434 2910 441 2913 *
538 2912 852 2977 cundario
908 2920 1131 2977 exstat
1189 2914 1654 2977 coniunctivus
1721 2912 1865 2976 sive
1918 2912 2277 2993 optativus,
2345 2914 2459 2995 qui
2524 2914 2697 2998 apud

540 3015 1000 3099 Thucydidem
1030 3022 1133 3079 ter
1164 3014 1398 3092 decies,
1446 3035 1575 3097 quo
1619 3015 1693 3077 in
1721 3034 1998 3077 numero
2030 3012 2158 3078 duo
2204 3024 2362 3081 sunt
2391 3019 2694 3101 optativi,

540 3118 961 3183 adhibentur.
1076 3116 1499 3183 Sententiam
1572 3116 1957 3200 primariam
2024 3137 2284 3201 semper
2347 3122 2696 3204 negatione

538 3221 906 3305 praeditam
976 3241 1119 3284 esse
1178 3221 1311 3285 iam
1389 3219 1638 3284 dudum
1718 3218 1849 3284 viri
1927 3220 2107 3285 docti
2169 3217 2638 3302 observarunt.
2655 3226 2697 3303 ¹)

541 3323 670 3390 Oui
701 3324 965 3409 regulae
995 3346 1078 3388 ne
1111 3324 1533 3410 Thucydides
1565 3323 1827 3407 quidem
1870 3323 2278 3390 adversatur.
2368 3327 2698 3394 Perverse

541 3429 718 3493 enim
763 3449 802 3491 a
831 3427 1204 3492 Prokschio
1230 3428 1281 3504 2)
1326 3429 1471 3493 loco
1505 3425 1626 3506 VI,
1659 3424 1762 3504 38,
1796 3425 1835 3491 2
1878 3428 2278 3493 sententiam
2308 3431 2697 3497 antecedere

542 3531 1013 3597 affirmativam
1047 3531 1488 3598 contenditur.
1580 3533 1802 3598 Locus
1836 3531 2075 3617 dignus
2107 3540 2227 3609 est,
2261 3554 2456 3615 quem
2484 3533 2699 3599 fusius

542 3635 1024 3700 exscribamus:
1057 3634 1153 3693 καὶ
1185 3633 1426 3695 δέδοικα
1464 3635 1681 3718 μέντοι,
1723 3636 1804 3719 μή
1848 3658 1989 3697 ποτε
2032 3636 2211 3697 πολλὰ
2253 3639 2567 3719 πειρῶντες
2602 3638 2700 3698 καὶ

540 3740 1020 3822 κατορθώσωσιν·
1096 3727 1261 3819 ἡμεῖς
1344 3738 1414 3799 δὲ
1485 3741 1674 3811 κακοί,
1762 3740 1885 3821 πρὶν
1959 3738 2020 3800 ἐν
2092 3749 2177 3822 τῷ
2246 3739 2449 3800 παθεῖν
2521 3736 2697 3821 ὦμεν,

718 3995 757 4062 l)
808 3994 890 4049 Of.
939 3993 1127 4048 Elmsl.
1175 3993 1248 4047 ad
1300 3994 1428 4047 Eur.
1464 3993 1625 4048 Med.
1673 4010 1727 4047 v.
1782 3994 1913 4064 2153
1962 3992 2312 4062 Bernhardy,
2358 3989 2698 4046 Wissensch.

546 4079 702 4150 Synt.
736 4096 868 4149 pag.
904 4080 1022 4134 400.

717 4166 760 4234 2)
796 4165 1068 4235 Proksch,
1105 4166 1139 4219 l.
1176 4166 1211 4219 l.
1247 4179 1380 4234 pag.
1415 4165 1533 4220 456.
