3088 4580
498 275 585 344 228

497 463 867 531 scribarum
910 463 1331 549 neglegentia
1374 463 1502 528 hoc
1544 463 1795 528 factum
1821 468 1984 529 lesse
2041 464 2418 543 contendat,
2467 487 2654 550 prae-

499 566 728 632 sertim
804 589 1010 649 quum
1085 573 1238 651 post
1306 566 1835 631 coniunctionem
1901 566 2079 650 μέχρι
2144 566 2214 627 οὗ
2289 568 2462 633 idem
2530 591 2657 634 usu

500 670 730 735 veniat
776 670 939 752 (III,
966 667 1070 749 28,
1102 669 1173 749 23
1220 670 1342 754 IV,
1383 667 1480 747 16,
1514 669 1583 750 23
1631 668 1735 749 41,
1769 669 1838 749 23
1883 667 1989 748 46,
2022 668 2115 748 3).
2188 670 2410 752 Quid?
2475 672 2656 738 Num

503 770 901 838 credendum
958 782 1061 839 est
1119 772 1576 857 Thucydidem
1645 772 1816 837 hanc
1868 773 2263 857 particulam
2320 774 2465 839 sine
2520 775 2660 840 ullo

493 876 799 955 consili0,
869 876 984 941 sed
1051 897 1206 942 casu
1271 875 1555 959 quodam
1621 875 1817 940 modo
1885 876 2206 954 omisisse,
2281 876 2476 942 modo
2550 878 2662 942 ad-

502 979 847 1045 hibuisse?
938 979 1286 1062 Quomodo
1344 980 1530 1068 haec·
1562 978 1821 1043 incuria
1886 1000 2038 1044 cum
2103 980 2348 1044 eximia
2396 980 2661 1065 Thucy-

503 1082 674 1147 didis
734 1083 1051 1166 ,dxpesselqz‘
1095 1083 1405 1161 concinit,
1462 1103 1630 1165 quae
1687 1082 2018 1166 imprimis
2074 1074 2146 1146 in
2202 1091 2438 1167 arguta
2480 1084 2663 1148 simi-

501 1187 669 1252 lium
726 1185 1085 1251 verborum
1143 1193 1212 1250 et
1264 1192 1757 1251 structurarum
1821 1185 2251 1251 distinctione
2318 1187 2663 1252 cernitur?

501 1290 737 1374 Itaque
781 1290 996 1355 facere
1041 1312 1178 1355 non
1221 1311 1508 1373 possum,
1556 1292 1718 1374 quin
1761 1291 1941 1354 inter
1985 1312 2096 1355 cos
2142 1291 2255 1373 qui
2303 1288 2370 1350 ἄν
2415 1291 2664 1356 habent

502 1402 572 1459 et
616 1415 726 1458 eos
773 1393 887 1477 qui
942 1415 1082 1458 non
1138 1393 1387 1458 habent
1431 1393 1893 1458 coniunctivos
1950 1391 2306 1457 discrimen
2351 1401 2658 1458 statuam.

502 1497 645 1563 Nec
689 1498 959 1562 Prausii
994 1497 1057 1575 ¹),
1104 1519 1228 1563 nec
1271 1496 1551 1562 Luethii
1575 1498 1630 1576 2)
1677 1495 2100 1580 opinionibus
2146 1496 2504 1576 deterreor,
2549 1500 2662 1581 qui

503 1601 789 1684 quidem,
836 1600 981 1665 sive
1026 1598 1096 1660 ἄν
1137 1600 1439 1665 additum
1483 1602 1590 1678 sit,
1640 1601 1783 1666 sive
1827 1620 1964 1664 non
2016 1598 2334 1679 additum,
2396 1609 2663 1667 senten-

504 1704 751 1768 tiarum
794 1704 1123 1768 rationem
1168 1702 1341 1766 nihil
1387 1703 1783 1768 commutari
1827 1703 2234 1768 existimant.
2325 1704 2472 1789 Age
2502 1726 2663 1770 vero

505 1806 668 1872 duos
737 1804 1146 1889 Thucydidis
1215 1806 1393 1871 locos
1458 1806 1532 1870 in
1595 1806 2160 1890 comparationem
2226 1826 2538 1872 vocemus
2603 1808 2659 1885 Ι,

504 1908 608 1988 91,
677 1907 748 1973 3:
815 1907 1023 1989 πέμπει
1058 1906 1341 1968 -κελεύων
1382 1944 1470 1954 -
1508 1909 1591 1991 μὴ
1655 1910 1903 1990 ἀφεῖναι,
1969 1910 2093 1991 πρὶν
2147 1907 2215 1968 ἂν
2281 1909 2442 1971 αὐτοὶ
2507 1911 2663 1970 πάλιν

505 2013 860 2094 κομισθῶσιν
890 2018 959 2076 et
978 2011 1102 2090 VJ,
1140 2010 1239 2090 10,
1266 2012 1341 2076 5:
1364 2012 1496 2095 ’χρὴ
1526 2018 1758 2073 σκοπεῖν
1788 2033 1910 2072 τινα
1940 2012 2088 2072 αὐτὰ
2116 2014 2213 2072 καὶ
2251 2013 2332 2095 μὴ
2371 2015 2663 2096 μετεώρῳ

506 2122 572 2200 τῇ
620 2116 779 2176 πόλει
822 2113 1017 2185 ἀξιοῦν
1055 2113 1395 2175 κινδυνεύειν
1449 2116 1546 2176 καὶ
1598 2115 1784 2199 ἀρχῆς
1824 2112 1999 2197 ἄλλης·
2037 2113 2377 2197 ὀρέγεσθαι,
2433 2119 2554 2199 πρὶν
2600 2115 2665 2199 ἣν

508 2215 724 2304 ἔχομεν
784 2218 1298 2301 βεβαιωσώμεθα.
1402 2218 1638 2283 Priore
1704 2218 1847 2283 loco
1916 2217 2396 2284 Themistocles
2457 2220 2664 2284 Athe-

507 2323 850 2388 niensibus
897 2322 1271 2387 clanculum
1316 2323 1628 2386 nuntium
1673 2323 1876 2399 misit,
1924 2331 2001 2386 ut
2043 2321 2299 2406 legatos
2334 2324 2666 2388 Lacedae-

506 2427 884 2491 moniorum
915 2446 990 2489 ea
1021 2426 1237 2489 solum
1269 2423 1655 2488 condicione
1687 2424 2122 2499 dimitterent,
2169 2432 2246 2489 ut
2275 2425 2440 2509 ipsis
2471 2434 2666 2490 antea

506 2551 543 2593 a
588 2528 1130 2594 Lacedaemoniis
1184 2527 1438 2593 reditus
1495 2529 1862 2611 permissus
1919 2534 2113 2592 esset.
2204 2528 2443 2593 Altero
2508 2528 2668 2593 libri

507 2633 684 2698 sexti
749 2633 895 2697 loco
952 2632 1177 2697 Nicias
1247 2631 1702 2697 demonstrare
1768 2631 1921 2696 vult
1987 2637 2249 2714 tempus
2315 2631 2399 2696 ad
2467 2653 2666 2716 expe-

510 2736 833 2801 ditionem
930 2731 1352 2799 Siciliensem
1449 2733 1936 2817 suscipiendam
2023 2735 2443 2817 aptissimum
2531 2756 2670 2801 non

507 2839 764 2918 adesse3
809 2838 994 2923 prius
1040 2838 1257 2903 aliena
1298 2837 1579 2922 imperia
1621 2843 1953 2921 expetere,
2000 2857 2198 2919 quam
2241 2838 2415 2921 quod
2459 2839 2670 2923 possi-

508 2942 742 3007 derent
777 2942 1391 3020 communivissent,
1425 2940 1823 3006 temeritatis
1857 2960 2019 3005 esse.
2095 2940 2279 3025 Ergo
2314 2940 2671 3007 discrimen

507 3067 893 3129 persuasum
938 3045 1146 3110 habeo
1192 3044 1320 3108 hoc
1363 3065 1507 3110 csse
1552 3043 1996 3121 statuendum,
2043 3053 2120 3108 ut
2173 3045 2246 3109 in
2302 3046 2669 3124 enuntiatO,

509 3149 714 3231 quod
755 3148 971 3213 nudo
1019 3148 1572 3231 co‘niunctivo
1607 3147 2120 3224 continetur,
2168 3148 2331 3213 vim
2364 3155 2672 3233 tempo-

509 3252 797 3328 ralem,
865 3252 938 3315 in
994 3251 1476 3328 enuntiate,
1548 3251 1674 3315 cui
1732 3248 1810 3309 ἄν
1868 3248 2233 3313 additum
2287 3258 2439 3328 est,
2511 3253 2673 3316 vim

509 3353 1127 3437 hypotheticam
1194 3352 1686 3436 praevalere
1750 3351 2236 3416 existimem.
2337 3353 2674 3419 Luculen-

511 3458 771 3523 tissima
802 3465 1094 3540 potestas
1127 3457 1514 3541 temporalis
1544 3463 1649 3521 est
1670 3454 1868 3533 VIII,
1892 3453 1952 3532 9,
1986 3456 2006 3518 1
2035 3476 2047 3518 :
2081 3454 2147 3514 οὐ
2179 3456 2674 3540 ποούθυμῆθησαν

512 3559 793 3640 ξυμπλεῖν,
837 3560 959 3641 πρὶν
1003 3560 1077 3620 τὰ
1107 3556 1378 3640 Ἴσθμια,
1423 3557 1674 3632 ἃπότε
1719 3555 1821 3640 ἢν,
1878 3557 2318 3639 διεορτάσωσιν,
2342 3559 2468 3644 ἰώί
2502 3561 2673 3625 ratio

514 3662 986 3728 condicionalis
1032 3662 1302 3732 omnino
1340 3660 1543 3727 deest.

682 3764 1087 3831 Huiusmodi
1145 3764 1454 3848 exempla
1518 3764 1603 3829 ad
1668 3762 1995 3828 infinitivi
2062 3771 2215 3846 post
2279 3766 2404 3846 ποίν
2468 3764 2674 3847 parti-

513 3869 728 3933 culam
783 3889 980 3932 usum
1033 3868 1336 3951 proxime
1391 3865 1732 3944 accedunt,
1790 3865 2182 3948 praesertim
2235 3866 2292 3930 si
2336 3886 2446 3930 eos
2490 3864 2672 3931 locos

689 4106 731 4170 l)
766 4104 999 4171 Prause,
1035 4102 1069 4156 l.
1106 4102 1139 4156 l.
1177 4119 1309 4171 pag.
1348 4103 1523 4172 17s18.

685 4190 729 4257 2)
766 4189 963 4257 Lueth‚
1000 4189 1033 4242 l.
1071 4188 1105 4242 l.
1140 4203 1272 4257 pag.
1308 4188 1394 4243 45.
