3088 4580
2462 245 2548 312 37

394 433 751 517 respiciens
818 433 998 497 intra
1063 431 1170 499 Ol.
1232 430 1316 498 80
1376 439 1444 497 et
1507 429 1593 498 83
1658 440 2005 500 exaratum
2066 455 2208 500 esse
2273 435 2482 515 docet,
2498 436 2544 514 ¹)

390 537 627 602 lacuna
670 537 937 620 expleta
980 536 1106 601 hoc
1149 535 1344 600 modo
1387 536 1665 621 legitur:

670 641 806 721 πρὶμ
844 637 953 721 μὲν
999 636 1342 721 Καλλιτέλης
1382 637 1680 721 ἱδρύσατο·
1727 640 1897 700 τόνδε
1940 637 1989 699 δ’
2037 637 2262 702 ἐκείνου

669 740 899 824 ἔγγονοι
940 741 1276 825 ἐστήσανθ’,
1322 742 1409 808 οἷς
1438 742 1611 826 χάριν
1657 743 1962 803 ἀντιδίδου.

395 844 529 913 Sed
595 853 663 910 et
729 852 1024 912 oratores
1037 844 1088 921 2)
1155 852 1222 909 et
1287 844 1670 930 Xenophon
1724 845 2116 913 adverbium
2171 849 2294 928 πρίν
2349 848 2548 931 plane

392 950 799 1014 vitaverunt.
875 949 1108 1031 Itaque
1153 970 1362 1013 unum
1391 947 1842 1033 Oyropaediae
1878 949 2100 1014 locum
2142 950 2254 1028 (V,
2310 949 2370 1029 2,
2415 948 2547 1029 36),

393 1072 521 1135 quo
567 1047 765 1115 lectio
810 1050 1109 1116 codicum
1140 1051 1481 1117 notionem
1526 1050 1977 1117 adverbialem
2005 1052 2319 1135 postulat,
2364 1075 2549 1118 men-

393 1155 627 1220 dosum
681 1175 823 1219 esse
878 1155 1166 1238 suspicio
1217 1155 1408 1221 nobis
1454 1155 1706 1221 existit.
1757 1216 1762 1219 ι
1796 1154 2022 1219 Verba
2063 1154 2162 1220 sic
2203 1155 2546 1240 leguntur:

390 1262 554 1343 ἡμεῖς
621 1258 692 1320 δὲ
767 1260 864 1319 καὶ
930 1260 1198 1340 μείζονες
1270 1260 1362 1319 νῦν
1435 1257 1469 1342 ἢ
1540 1261 1685 1342 πρίν,
1772 1256 1896 1320 ἐπεὶ
1976 1260 2365 1342 νενικήκαμεν,
2451 1261 2548 1320 καὶ

390 1363 771 1447 ἰσχυρότεροι,
818 1360 941 1423 ἐπεὶ
983 1361 1400 1446 ηὐτυχήκαμεν.
1488 1363 1645 1429 Mea
1687 1362 1954 1446 quidem
1997 1364 2331 1430 sententia
2377 1362 2549 1429 illud

390 1466 422 1551 ἢ
465 1468 620 1550 πρίν·
647 1465 1171 1531 additamentum
1227 1466 1421 1532 futile
1466 1474 1587 1546 est,
1644 1467 2037 1551 praesertim
2094 1467 2152 1531 si
2212 1466 2294 1531 ad
2339 1487 2548 1532 enun-

389 1570 632 1636 tiatum
674 1568 1070 1635 antecedens
1116 1580 1508 1652 spectamus,
1570 1570 1687 1634 ubi
1740 1569 1969 1634 eadem
2011 1569 2299 1635 formula
2350 1578 2548 1653 atque

392 1694 543 1738 cum
600 1671 942 1737 infinitivo
986 1678 1064 1735 ut
1109 1671 1280 1737 solet
1295 1670 1352 1756 ³)
1411 1673 1765 1738 coniuncta
1816 1673 2106 1738 occurrit
2159 1674 2245 1751 (οἱ
2279 1671 2389 1755 μὲν
2432 1673 2547 1757 γὰρ

391 1775 649 1863 πολέμιοι
699 1774 838 1835 πολὺ
878 1772 991 1856 μὲν
1047 1772 1352 1841 ἐλάττονές·
1403 1777 1513 1837 εἶσι
1567 1777 1661 1836 νῦν
1717 1774 1751 1858 ἢ
1804 1777 1959 1859 πρὶν
2010 1776 2411 1860 ἡττηθῆναι
2453 1778 2544 1860 ὑφ’

392 1880 568 1962 ἡμῶν,
612 1877 751 1938 πολὺ
795 1874 850 1937 δ’
895 1875 1199 1944 ἐλάττονες
1236 1876 1272 1960 ἢ
1314 1878 1416 1939 ὅτε
1460 1878 1800 1962 ἀπέδρασαν
1841 1879 2034 1963 ἡμᾶς).
2107 1879 2262 1946 Huc
2296 1881 2550 1948 accedit

392 1981 567 2067 quod
627 2001 822 2046 causa
878 1981 1294 2065 corruptelae
1349 1982 1510 2048 satis
1562 1983 1915 2049 manifesta
1967 1983 2173 2049 adest.
2273 1984 2547 2050 Etenim

391 2086 677 2152 scribam
718 2083 912 2149 facile
957 2084 1356 2150 credendum
1402 2091 1506 2151 est
1532 2085 1755 2170 priore
1783 2087 1902 2151 illo
1947 2085 1981 2169 ἢ
2023 2088 2147 2170 ιφίν
2190 2087 2548 2171 pellectum

392 2189 747 2267 aberrasse,
802 2187 901 2251 ita
956 2192 1033 2251 ut
1086 2188 1288 2253 etiam
1331 2187 1647 2253 inferiore
1690 2189 1835 2254 loco
1881 2189 2109 2255 eadem
2158 2190 2360 2255 verba
2401 2213 2549 2275 per-

393 2315 621 2376 peram
701 2294 1089 2379 irreperent.
1209 2293 1443 2376 Itaque
1526 2293 1799 2359 voculas
1886 2292 1920 2376 ἢ
1991 2296 2115 2377 ιςοίν
2188 2302 2343 2360 ante
2423 2292 2550 2357 ἐπεὶ

394 2398 761 2479 νενικήκαμεν
805 2396 1157 2462 delendum
1201 2418 1343 2461 esse
1388 2403 1628 2463 statuo,

459 2619 500 2705 ξ
546 2619 603 2685 6.
692 2621 812 2686 De
871 2643 1021 2686 usu
1075 2620 1287 2684 modi
1343 2619 1587 2685 finiti
1645 2640 1817 2684 cum
1875 2620 2026 2702 πρίν
2079 2619 2494 2702 particula

962 2723 1388 2788 coniuncti
1442 2720 1989 2806 Thucydideo.

563 2844 800 2907 Priore
823 2844 967 2908 loco
1000 2843 1350 2907 dicendum
1380 2850 1483 2907 est
1512 2841 1593 2907 de
1621 2841 1983 2907 indicativo
2017 2841 2552 2908 coniunctionem

394 2949 517 3026 πρίν
558 2945 879 3026 sequenti,
922 2965 1117 3025 quem
1151 2943 1573 3028 Thucydides
1605 2942 1949 3008 duodecies
1980 2943 2302 3023 adhibuit,
2335 2946 2552 3010 sexies

395 3053 549 3130 post
578 3047 977 3112 sententiam
1009 3046 1502 3124 affirmativam,
1537 3046 1751 3110 sexies
1794 3053 1946 3129 post
1984 3048 2382 3131 negativam.
2458 3048 2552 3114 Hi

397 3150 657 3215 numeri
713 3149 794 3214 ab
842 3149 1151 3233 opinione
1203 3147 1463 3232 vulgari
1521 3148 1893 3231 discrepare
1952 3147 2285 3227 videntur,
2349 3171 2554 3234 quum

396 3253 622 3318 Lueth
640 3252 698 3334 ⁴¹)
757 3260 1011 3336 septem
1071 3253 1250 3317 locos
1307 3257 1672 3329 enumeret,
1742 3252 1858 3335 qui
1910 3250 2349 3317 indicativum
2401 3261 2555 3337 post

397 3356 819 3420 enuntiatum
835 3356 1195 3440 positivum
1218 3352 1559 3420 exhibent.
1603 3353 1919 3418 Fortasse
1933 3354 2007 3418 in
2022 3354 2303 3420 eundem
2316 3355 2554 3422 incidit

398 3480 709 3536 errorem,
754 3459 826 3522 in
871 3480 1067 3542 quem
1109 3478 1337 3524 omnes
1384 3456 1522 3522 fere
1568 3455 1855 3521 editores
1898 3463 2162 3540 praeter
2194 3454 2552 3539 Stahlium‚

396 3583 601 3644 quum
644 3583 776 3626 uno
820 3562 965 3627 loco
1010 3561 1208 3640 VIII,
1262 3560 1402 3639 105,
1449 3558 1487 3623 2
1534 3564 1705 3637 (non
1747 3558 1909 3639 VII,
1962 3558 2103 3639 105,
2150 3558 2190 3625 2
2221 3567 2297 3625 ut
2325 3560 2554 3627 Lueth

395 3671 672 3729 annotat
690 3666 741 3741 ⁵)
764 3664 1183 3730 enuntiatum
1204 3663 1597 3748 primarium
1614 3663 1982 3746 positivum
2001 3684 2142 3729 esse
2162 3671 2550 3751 statuerent.

571 3817 611 3883 l)
649 3818 709 3870 L.
745 3818 779 3870 l.

566 3904 608 3968 2)
648 3902 844 3971 Lueth,
880 3902 913 3956 l.
949 3902 984 3954 l.
1022 3918 1152 3971 pag.
1189 3903 1237 3955 8.

566 3988 610 4056 3)
650 3987 731 4042 Of.
768 4004 899 4057 pag.
936 3988 1020 4042 25.

567 4073 612 4139 ⁴)
649 4073 845 4140 Lueth,
882 4073 916 4126 l.
952 4074 986 4126 l.
1025 4089 1156 4141 pag.
1192 4073 1275 4126 38.

571 4156 615 4225 5)
651 4157 848 4227 Lueth,
882 4158 917 4213 l.
954 4159 988 4212 1.
1024 4173 1156 4228 pag.
1193 4158 1276 4213 38.
