3088 4580
2550 269 2633 337 23

470 462 684 527 altero
729 462 875 526 loeo
920 461 1042 538 VI,
1090 457 1193 536 76,
1252 460 1272 522 1
1326 460 1659 526 obiectum
1705 462 2035 526 enuntiati
2077 461 2157 542 μὴ
2203 462 2352 544 ὑμᾶς·
2391 465 2635 524 πείσωσι

470 564 552 629 ad
580 563 1080 629 antecedentem
1104 563 1521 628 infinitivum
1553 563 1834 629 subiecti
1861 564 2005 629 vice
2035 565 2483 630 revocandum
2508 575 2630 632 est.

639 669 787 732 Hoc
804 661 961 732 ‘loco
996 666 1205 730 facere
1237 688 1369 730 non
1401 689 1693 750 possum,
1739 668 1900 750 quin
1934 667 2014 732 de
2049 667 2337 733 dictione
2369 670 2634 754 Thucy-

469 772 641 837 didis
697 771 967 854 propria
1025 768 1304 845 verb-um
1361 769 1620 836 addam.
1719 770 2001 835 Duobus
2057 771 2219 835 locis
2273 772 2391 850 11‚·
2424 770 2527 849 53,
2593 771 2631 834 4

479 883 548 940 et
611 875 773 952 VII,
842 870 945 951 28,
1021 871 1059 935 2
1134 874 1561 938 enuntiatum
1633 896 1672 937 a
1744 875 1867 956 πρίν
1941 872 2270 957 particula
2339 874 2633 958 pendens

470 979 865 1042 attractione
911 976 1194 1058 quadam
1238 975 1513 1042 relativa
1546 977 1769 1043 verbis
1816 976 2361 1043 antecedentibus
2406 978 2636 1062 agglu-

473 1081 759 1145 tinatum
797 1086 920 1143 est.
995 1079 1314 1163 Legimus
1345 1079 1438 1157 ΙΙ,
1487 1077 1590 1158 53,
1636 1079 1704 1144 4ὶ
1751 1079 1814 1161 ἢν
1845 1081 1966 1162 σφὶν
2013 1078 2282 1161 ἐμπεσεῖν
2312 1081 2470 1146 εἰκὸς
2497 1081 2638 1142 εἶναι

473 1185 574 1243 τοῦ
623 1184 759 1261 βίου
815 1205 866 1242 τι
919 1182 1258 1243 ἀπολαῦσαι.
1360 1183 1743 1247 Pronomen
1801 1183 2161 1249 relativum
2220 1183 2636 1249 referendum

473 1295 575 1352 est
618 1286 701 1351 ad
744 1308 986 1352 nomen
1030 1283 1424 1351 antecedens
1472 1289 1739 1371 τιμωρία.
1831 1285 2219 1371 Simplicius
2278 1287 2633 1353 dicendum

472 1397 614 1454 crat
656 1391 752 1450 καὶ
795 1391 917 1472 πρὶν
962 1387 1172 1472 ταύτην
1216 1388 1504 1472 ἐμπεσεῖν.

641 1493 825 1559 Haec
884 1494 1046 1558 satis
1106 1501 1305 1557 sunto
1359 1493 1439 1558 dc
1494 1516 1620 1559 usu
1665 1493 1994 1560 infinitivi
2035 1516 2075 1557 a
2129 1496 2252 1575 πρίν
2311 1494 2638 1577 particula

474 1595 821 1681 pendentis
868 1593 1318 1678 Thucydideo,

654 1867 696 1954 ξ
750 1867 812 1933 ll.
900 1867 1020 1932 De
1076 1889 1219 1931 usu
1265 1867 1700 1933 infinitivi
1756 1891 1794 1932 a
1847 1871 2000 1951 πρίν
2062 1870 2468 1952 'particula

996 1969 1444 2054 pendentis
1507 1971 2121 2055 Xenophonteo,

644 2108 824 2175 Usus
886 2107 1213 2173 infinitivi
1259 2129 1409 2172 euin
1464 2090 1592 2190 πρίν
1644 2109 1973 2191 particula
2031 2109 2368 2175 coniuncti
2411 2111 2639 2176 Xeno-

476 2214 827 2296 phonteuS,
929 2232 1323 2295 quamquam
1423 2231 1700 2275 numero
1788 2212 2247 2296 exemplorum
2346 2220 2639 2298 praestat

479 2316 926 2400 Thucydidem
975 2322 1163 2380 tanta
1190 2316 1512 2381 varietate
1559 2337 1695 2379 non
1730 2316 2022 2381 excellit.
2096 2316 2401 2382 Eandem
2444 2339 2639 2401 quam

476 2420 547 2483 in
594 2418 1000 2504 Thucydidis
1049 2419 1372 2503 exemplis
1429 2418 1757 2483 rationem
1814 2419 2209 2504 disponendi
2267 2442 2636 2505 sequamur.

475 2526 708 2608 Itaque
780 2524 1173 2608 incipiamus
1246 2523 1327 2587 ab
1416 2525 1914 2589 enumeratione
2000 2545 2230 2589 eorum
2320 2525 2636 2604 locorum,

473 2649 755 2709 quorum
828 2627 1160 2691 sententia
1216 2625 1534 2710 primaria
1623 2627 2004 2692 continetur
2080 2634 2379 2712 tempore
2452 2648 2637 2710 prae-

474 2730 696 2794 terito.
791 2764 867 2774 —
959 2729 1242 2794 Duobus
1330 2729 1493 2794 locis
1596 2736 1819 2795 exstat
1918 2730 2637 2814 plusquamperfectum

473 2833 544 2896 in
574 2832 919 2897 enuntiato
964 2833 1281 2915 primario
1306 2829 1439 2896 Ἑλλ.
1466 2831 1590 2910 VI,
1624 2832 1684 2910 4,
1728 2828 1804 2895 13
1851 2839 1921 2896 et
1951 2832 2090 2914 Kop÷
2135 2832 2289 2892 παιδ.
2334 2832 2391 2910 Ι,
2425 2830 2484 2909 6,
2533 2829 2635 2910 39,

478 2934 548 2998 id
614 2934 791 3016 quod
855 2932 1030 3017 apud
1087 2934 1546 3017 Thucydidem
1610 2954 1941 3016 nusquam
2005 2934 2311 2999 occurrit.
2402 2933 2639 2999 Priore

480 3036 624 3100 loco
654 3035 1378 3118 plusquamperfectum
1420 3037 1824 3101 sententiam
1852 3036 2238 3119 primariam
2266 3036 2641 3121 graviorem

478 3138 704 3216 efficit,
771 3136 841 3201 id
907 3138 1081 3220 quod
1147 3138 1475 3222 particula
1535 3140 1608 3222 δή
1674 3139 1897 3204 addita
1970 3139 2170 3203 etiam
2236 3139 2640 3203 luculentius

479 3241 998 3306 demonstratur:
1056 3242 1179 3324 πρὶν
1233 3242 1330 3301 καὶ
1382 3241 1699 3303 αἰσθέσθαι
1753 3242 1820 3301 τὺ
1874 3238 2007 3323 μετ’
2070 3240 2247 3301 αὐτοῦ
2304 3242 2640 3324 στράτευμα

478 3345 565 3405 ὅτι
593 3345 806 3426 ἡγοῖτο,
849 3345 950 3404 καὶ
991 3344 1060 3426 δὴ
1091 3346 1188 3405 καὶ
1231 3348 1290 3405 οἱ
1317 3347 1498 3412 ἱππεῖς·
1546 3345 2057 3427 συνεβεβλήκεσαν
2087 3346 2182 3405 καὶ
2227 3344 2372 3428 ταχὺ
2403 3344 2638 3427 ἥττηντο

481 3450 537 3507 οἱ
593 3450 705 3508 τῶν
764 3445 1258 3530 Λακεδαιμονιων.
1358 3446 1614 3515 Sensus
1685 3456 1824 3513 est:
1897 3456 2249 3531 antequam
2306 3450 2638 3514 exercitus

481 3551 798 3617 sensisset
829 3548 1328 3616 Cleombrotum
1358 3551 1733 3636 procedere,
1779 3551 2048 3615 iamiam
2105 3550 2357 3633 equites
2402 3573 2637 3617 manus

481 3661 970 3720 conseruerant.
1082 3655 1167 3718 In
1230 3655 1439 3720 altero
1508 3655 1815 3738 exemplo
1885 3653 2048 3735 Kvp„
2092 3654 2242 3714 παιὸ.
2308 3654 2366 3732 Ι,
2436 3653 2495 3733 6,
2556 3653 2637 3722 39

478 3759 602 3837 (καὶ
645 3759 768 3840 πρὶν
812 3757 1095 3818 κινεῖσθαι
1149 3758 1256 3824 τὰς
1295 3757 1535 3840 ὄρνιθας·
1577 3757 1909 3840 ἐπεποίηντό
1954 3777 2046 3816 σοι
2090 3759 2152 3817 αἱ
2192 3757 2366 3838 πάγαι
2418 3757 2639 3836 αὐταῖς)

479 3883 712 3927 sensus
757 3868 861 3926 est
904 3861 1284 3927 iterativus:
1331 3869 1687 3945 antequam
1738 3882 1895 3926 aves
1947 3861 2204 3926 moveri
2245 3861 2635 3945 inciperent,

478 3967 610 4030 iam
655 3964 875 4048 laquei
917 3964 1138 4048 parati
1183 3986 1325 4029 esse
1371 3963 1691 4029 solebant.
1787 3961 2049 4029 Similis
2091 3973 2198 4028 est
2238 3963 2425 4029 locus
2457 3966 2636 4043 Αναβ.

480 4070 536 4147 Ι,
612 4068 706 4146 10,
782 4067 878 4146 19,
952 4067 1067 4133 ubi
1141 4068 1425 4134 aoristus
1494 4067 1678 4150 ἐφάνη
1746 4089 1946 4132 sensu
2012 4067 2638 4151 plusquamperfecti

482 4179 838 4255 usurpatus
903 4179 1005 4237 cst
1066 4174 1216 4255 (πρὶν
1280 4173 1394 4257 γὰρ
1462 4172 1532 4256 δὴ
1598 4174 1914 4233 καταλῦσαι
1974 4171 2040 4231 τὺ
2097 4170 2431 4253 στράτευμα
2496 4169 2642 4249 πρὸς
