3088 4580
431 283 512 359 '12

432 482 619 547 velut
648 483 703 546 si
735 481 1157 567 Thucydides
1204 486 1640 567 perrexisset:
1689 486 1794 545 ὑπὸ
1840 487 1999 544 σίτου
2045 484 2248 566 ἀκμήν.
2314 483 2454 559 (Of.
2489 485 2591 548 in-
2655 566 2660 571 ⁶

427 586 623 651 itium
682 585 838 650 libri
900 587 1140 669 quarti,
1205 586 1319 651 ubi
1386 582 1662 672 legitur:
1729 590 1829 648 τοῦ
1884 586 2309 669 ἐπιγιγνομένου
2377 586 2594 669 θέρους

429 689 557 770 περὶ
633 690 794 748 σίτου
857 687 1152 771 ἐκβολήν.)
1269 691 1413 755 Iam
1494 713 1656 756 vero
1724 691 1797 753 in
1861 691 2206 755 enuntiato
2274 691 2589 774 primario

428 800 698 857 exstant
743 812 938 857 voces
977 800 1240 858 certum
1287 795 1606 878 temporis
1651 794 1942 878 spatium
1988 794 2462 877 significanteS‚
2509 793 2592 857 ad

429 917 590 978 quas
648 894 984 960 sententia
1043 917 1081 960 a
1137 898 1259 979 πρίν
1314 898 1641 982 particula
1707 897 2001 981 pendens
2062 897 2405 981 dirigenda
2469 906 2589 961 est.

427 999 746 1082 Exempli
811 999 1029 1084 gratia
1093 1002 1296 1066 affero
1358 1001 1414 1078 I,
1478 1000 1629 1065 125:
1707 999 1972 1069 ’ἐνιαυτὸς
2018 999 2128 1081 μὲν
2187 999 2255 1060 οὐ
2312 1000 2590 1082 διετρίβη,

430 1099 679 1162 ἔλασσον
739 1101 809 1162 δὲ
869 1103 990 1186 πρὶν
1046 1103 1337 1182 ἐσβαλεῖν.
1429 1104 1848 1187 Quamquam
1909 1103 2173 1188 negatio
2241 1101 2592 1181 antecedit,

432 1213 653 1270 tamen
689 1228 922 1272 sensus
966 1217 1070 1273 est
1098 1208 1455 1291 positivus:
1507 1229 1712 1273 anno
1759 1209 2027 1272 minus
2075 1207 2440 1272 contritum
2470 1213 2589 1283 est,

429 1317 873 1393 antequam
918 1311 1366 1376 incursionem
1411 1313 1877 1395 susciperent·
1941 1308 2043 1374 Of.
2091 1310 2214 1386 VI,
2262 1309 2322 1388 2,
2370 1311 2430 1387 5,
2477 1308 2589 1373 ubi

430 1408 532 1493 ἔτη
594 1411 766 1494 ἐγγὺς
828 1414 1135 1497 τριάκοντα
1202 1415 1571 1479 arctissime
1639 1416 1948 1480 cohaeret
2009 1432 2160 1480 cum
2226 1413 2588 1478 infinitivo

433 1516 615 1598 Quin
682 1517 882 1582 etiam
948 1517 1029 1582 ad
1096 1540 1241 1583 eam
1309 1528 1587 1583 ventum
1663 1526 1767 1583 est
1825 1516 2186 1595 audaciam,
2264 1526 2342 1581 ut
2408 1516 2590 1580 notio

429 1621 913 1704 quodammodo
987 1622 1216 1686 localis
1285 1620 1590 1698 anteiret,
1667 1620 1750 1684 ad
1816 1642 2012 1702 qua-m
2080 1619 2408 1707 particula
2470 1621 2591 1701 πρίν

430 1723 815 1806 pertineret.
884 1724 1006 1803 VI,
1053 1722 1157 1802 97,
1208 1721 1274 1790 3:
1323 1725 1547 1785 στάδιοι
1594 1725 1715 1806 πρὶν
1757 1722 2057 1806 προςμίξαι
2086 1722 2156 1786 ἐκ
2185 1725 2285 1782 τοῦ
2316 1725 2596 1803 λειμῶνος

431 1825 719 1906 ἐγίγνοντο
776 1825 881 1887 οὐκ
943 1823 1193 1887 ἔλασσον
1263 1825 1297 1909 ἢ
1352 1827 1540 1888 πέντε.
1644 1827 1882 1891 Verte:
1962 1826 2176 1893 stadia
2240 1823 2593 1908 antequam

429 1948 664 1993 manus
697 1950 1041 1995 conserere
1085 1939 1377 2014 possent,
1422 1929 1578 1995 inde
1624 1952 1664 1994 a
1704 1938 1896 2013 prato
1928 1928 2373 2013 percurrenda
2402 1938 2593 1992 erant

430 2053 567 2095 non
611 2033 832 2097 minus
879 2055 1074 2116 quam
1121 2035 1429 2116 quinque.

603 2136 798 2201 Hanc
843 2159 1002 2203 vcro
1047 2137 1452 2204 locutionem
1499 2135 1922 2220 Thucydides
1966 2134 2232 2220 proprie
2278 2132 2591 2198 adhibere

431 2239 621 2318 solet,
679 2261 880 2323 quum
934 2262 1076 2306 rom
1130 2239 1469 2306 'narratam
1522 2240 1667 2306 sivo
1725 2238 2123 2305 narrandam
2179 2238 2380 2304 certis
2427 2246 2592 2304 tem-

431 2365 669 2426 porum
735 2343 982 2407 finibus
1058 2341 1598 2408 circumscribere
1665 2344 1843 2422 vult,
1912 2344 2008 2408 ita
2068 2353 2146 2409 ut
2209 2343 2590 2421 terminum,

434 2454 587 2529 post
630 2468 825 2529 quem
869 2454 937 2511 et
982 2447 1362 2525 terminum,
1408 2454 1564 2511 ante
1595 2468 1790 2529 quem
1827 2468 1933 2510 res
1964 2447 2139 2511 facta
2169 2446 2276 2523 sit,
2323 2446 2589 2511 indicet.

431 2548 748 2632 Exempli
791 2550 1006 2634 gratia
1048 2551 1320 2615 nomino
1364 2547 1489 2631 VI,
1530 2549 1592 2630 4,
1637 2549 1705 2614 2:
1751 2551 1873 2632 πρὶν
1918 2549 1986 2609 δὲ
2032 2550 2360 2631 ἀναστῆναι,
2408 2548 2595 2611 ἔτεσιν

434 2650 677 2732 ὕστερον
722 2650 929 2711 ἑκατὸν
975 2650 1007 2734 ἢ
1053 2651 1264 2718 αὐτοὺς
1304 2652 1528 2725 οἰκίσαι,
1577 2654 1855 2735 ῙΙάμιλλον
1900 2653 2233 2735 πέμψαντες
2258 2654 2594 2714 Σελινοῦντα

431 2755 732 2823 κτίζουσιν.
845 2755 1037 2820 Κτίσις·
1103 2753 1475 2821 Selinuntis
1557 2757 1754 2822 certis
1833 2756 2201 2822 includitur
2263 2758 2592 2834 terminis,

432 2878 715 2940 quorum
759 2859 948 2937 alter,
1002 2859 1308 2943 expulsio
1355 2859 1741 2924 colonorum
1787 2860 2285 2945 Megarensium
2328 2862 2478 2943 (πρὶν
2523 2859 2593 2919 δὲ

432 2960 766 3044 ἀναστῆναι)
809 2963 940 3026 iam
987 2984 1067 3026 ex
1116 2962 1496 3027 narratione
1539 2963 1958 3029 antecedenti
2002 2973 2201 3028 notus
2246 2973 2366 3041 est,
2425 2964 2595 3028 alter

433 3062 739 3129 deductio
764 3065 1061 3130 coloniae
1085 3087 1411 3131 annorum
1435 3089 1712 3132 numero
1738 3066 1961 3132 addito
1985 3067 2306 3132 statuitur
2327 3065 2396 3144 (ἕ
2400 3088 2476 3126 τε
2488 3088 2593 3126 σιν

435 3164 748 3248 ὕστερον
805 3166 1072 3227 ἑκατὸν
1131 3167 1164 3250 ἢ
1211 3166 1426 3258 αὐτοὺς
1464 3172 1718 3247 οἰκίσαι).
1779 3170 1888 3236 Ad
1930 3171 2109 3235 hune
2137 3170 2357 3235 locum
2389 3192 2594 3253 prope

433 3268 685 3334 accedit
721 3270 891 3360 alius
921 3270 1120 3350 VIII,
1155 3270 1257 3351 45,
1296 3273 1357 3338 1:
1406 3272 1467 3334 ἐν
1513 3274 1582 3334 δὲ
1628 3272 1816 3355 τούτῳ
1858 3273 1955 3333 καὶ
1999 3269 2084 3333 ἔτι
2126 3273 2428 3355 πρότερον,
2473 3274 2595 3354 πρὶν

434 3371 500 3438 ἐς·
538 3371 635 3453 τὴν
674 3370 861 3432 Ῥόδον
905 3372 1119 3440 αὐτοὺς·
1158 3375 1486 3458 ἀναστῆναι,
1543 3377 1687 3438 τάδε
1734 3376 2085 3459 ἐπράσσετο.
2175 3376 2595 3461 Thucydides

435 3476 753 3541 continua
795 3498 1018 3542 rerum
1063 3484 1400 3562 gestarum
1452 3480 1829 3545 narratione
1871 3480 2250 3563 interrupta
2309 3502 2415 3545 res
2462 3481 2595 3545 iam

432 3580 825 3664 praeteritas
906 3582 1314 3665 repetiturus
1382 3583 1577 3647 initio
1658 3584 1857 3649 huius
1926 3582 2228 3668 episodii,
2298 3606 2428 3667 qua
2493 3593 2595 3648 cst

434 3683 756 3769 religione
823 3704 898 3749 ac
941 3683 1305 3769 diligentia,
1369 3688 1686 3770 temporis
1733 3688 2025 3771 spatium
2067 3687 2440 3752 accuratius
2486 3687 2595 3751 de-

435 3788 656 3873 signat
686 3788 941 3853 duobus
972 3787 1310 3855 adverbiis
1352 3788 1412 3850 ἐν
1455 3788 1525 3850 δὲ
1566 3789 1754 3873 τούτῳ
1785 3790 1880 3869 (id
1910 3799 2036 3856 est:
2070 3791 2228 3855 dum
2258 3789 2593 3873 expeditio

436 3891 703 3956 Rhodia
752 3890 865 3974 fit)
921 3906 989 3957 ct
1031 3895 1127 3954 καὶ
1171 3891 1256 3954 ἔτι
1299 3895 1583 3976 πρότερον
1627 3901 1851 3977 (atque
1897 3894 2098 3958 etiam
2141 3890 2387 3974 antea).
2457 3889 2594 3955 Ad-

435 3994 668 4059 verbio
735 3996 1036 4079 πρότερον,
1103 4018 1306 4081 quum
1373 3996 1432 4060 ei
1480 3997 1655 4063 haud
1734 3996 1895 4061 satis
1963 3995 2385 4079 perspicuum
2451 3994 2610 4058 esso

438 4096 796 4176 videretur,
822 4100 1010 4181 quasi
1030 4101 1703 4184 interpretamentum
1726 4100 1847 4180 πρὶν
1872 4097 1938 4165 ἐς
1955 4098 2052 4180 τὴν
2070 4095 2260 4158 Ῥόδον
2284 4098 2595 4178 ἀναστῆναι

438 4197 708 4265 addidit.
798 4201 1053 4268 Eodem
1119 4204 1326 4290 igitur
1386 4202 1581 4267 modo
1646 4210 1930 4290 tempus,
2004 4222 2132 4288 quo
2199 4222 2304 4267 res
2369 4208 2593 4288 gestae
