<?xml version="1.0" encoding="UTF-8"?>
<!DOCTYPE html PUBLIC "-//W3C//DTD XHTML 1.0 Transitional//EN"
    "http://www.w3.org/TR/xhtml1/DTD/xhtml1-transitional.dtd">
<html xmlns="http://www.w3.org/1999/xhtml" xml:lang="en" lang="en">
 <head>
  <title>
</title>
<meta http-equiv="Content-Type" content="text/html;charset=utf-8" />
  <meta name='ocr-system' content='tesseract 3.04.00' />
  <meta name='ocr-capabilities' content='ocr_page ocr_carea ocr_par ocr_line ocrx_word'/>
</head>
<body>
  <div class='ocr_page' id='page_1' title='image "./deusuparticulae00wagngoog_0044.png"; bbox 0 0 3088 4580; ppageno 0'>
   <div class='ocr_carea' id='block_1_1' title="bbox 544 251 627 320">
    <p class='ocr_par' dir='ltr' id='par_1_1' title="bbox 544 251 627 320">
     <span class='ocr_line' id='line_1_1' title="bbox 544 251 627 320; baseline 0 0"><span class='ocrx_word' id='word_1_1' title='bbox 544 251 627 320; x_wconf 80' lang='lat'>36</span> 
     </span>
    </p>
   </div>
   <div class='ocr_carea' id='block_1_2' title="bbox 542 443 2814 527">
    <p class='ocr_par' dir='ltr' id='par_1_2' title="bbox 542 443 2814 527">
     <span class='ocr_line' id='line_1_2' title="bbox 542 443 2814 527; baseline 0 -19"><span class='ocrx_word' id='word_1_2' title='bbox 542 443 686 509; x_wconf 90' lang='lat' dir='ltr'>sive</span> <span class='ocrx_word' id='word_1_3' title='bbox 728 443 1202 527; x_wconf 88' lang='lat' dir='ltr'>perficiendam</span> <span class='ocrx_word' id='word_1_4' title='bbox 1231 443 1316 508; x_wconf 91' lang='lat' dir='ltr'>ad</span> <span class='ocrx_word' id='word_1_5' title='bbox 1345 444 1655 509; x_wconf 88' lang='lat' dir='ltr'>effectum</span> <span class='ocrx_word' id='word_1_6' title='bbox 1685 443 1951 508; x_wconf 85' lang='lat' dir='ltr'>venisse</span> <span class='ocrx_word' id='word_1_7' title='bbox 1982 443 2124 509; x_wconf 90' lang='lat' dir='ltr'>sive</span> <span class='ocrx_word' id='word_1_8' title='bbox 2158 449 2508 509; x_wconf 87' lang='lat' dir='ltr'>venturam</span> <span class='ocrx_word' id='word_1_9' title='bbox 2541 463 2703 508; x_wconf 82' lang='lat' dir='ltr'>esse.</span> <span class='ocrx_word' id='word_1_10' title='bbox 2809 492 2814 496; x_wconf 79' lang='lat'>-</span> 
     </span>
    </p>
   </div>
   <div class='ocr_carea' id='block_1_3' title="bbox 544 544 2718 4042">
    <p class='ocr_par' dir='ltr' id='par_1_3' title="bbox 544 544 2712 2288">
     <span class='ocr_line' id='line_1_3' title="bbox 549 544 2706 632; baseline -0.001 -20"><span class='ocrx_word' id='word_1_11' title='bbox 549 544 1002 613; x_wconf 80' lang='lat' dir='ltr'>Sententia</span> <span class='ocrx_word' id='word_1_12' title='bbox 1087 548 1352 632; x_wconf 90' lang='lat' dir='ltr'>igitur</span> <span class='ocrx_word' id='word_1_13' title='bbox 1435 547 1832 631; x_wconf 88' lang='lat' dir='ltr'>primaria</span> <span class='ocrx_word' id='word_1_14' title='bbox 1919 556 2439 630; x_wconf 86' lang='lat' dir='ltr'>comparatur</span> <span class='ocrx_word' id='word_1_15' title='bbox 2527 567 2706 610; x_wconf 89' lang='lat' dir='ltr'>cum</span> 
     </span>
     <span class='ocr_line' id='line_1_4' title="bbox 544 648 2708 733; baseline -0.001 -18"><span class='ocrx_word' id='word_1_16' title='bbox 544 650 1057 721; x_wconf 77' lang='lat' dir='ltr'>secundaria.</span> <span class='ocrx_word' id='word_1_17' title='bbox 1149 651 1361 729; x_wconf 83' lang='grc' dir='ltr'>(Τοῦτο</span> <span class='ocrx_word' id='word_1_18' title='bbox 1428 650 1492 733; x_wconf 74' lang='grc' dir='ltr'>ἦν</span> <span class='ocrx_word' id='word_1_19' title='bbox 1559 652 1683 733; x_wconf 71' lang='grc' dir='ltr'>πρὶν</span> <span class='ocrx_word' id='word_1_20' title='bbox 1751 648 1887 710; x_wconf 83' lang='grc' dir='ltr'><em>ἄλλο</em></span> <span class='ocrx_word' id='word_1_21' title='bbox 1955 673 2006 710; x_wconf 79' lang='grc' dir='ltr'>τι</span> <span class='ocrx_word' id='word_1_22' title='bbox 2068 650 2392 732; x_wconf 72' lang='grc' dir='ltr'><em>γενέσθαι.)</em></span> <span class='ocrx_word' id='word_1_23' title='bbox 2480 648 2708 714; x_wconf 79' lang='lat' dir='ltr'>Com-</span> 
     </span>
     <span class='ocr_line' id='line_1_5' title="bbox 545 753 2710 838; baseline -0.001 -20"><span class='ocrx_word' id='word_1_24' title='bbox 545 755 869 837; x_wconf 77' lang='lat' dir='ltr'>paratio</span> <span class='ocrx_word' id='word_1_25' title='bbox 924 764 1028 820; x_wconf 92' lang='lat' dir='ltr'>est</span> <span class='ocrx_word' id='word_1_26' title='bbox 1085 762 1167 819; x_wconf 61' lang='lat' dir='ltr'>ut,</span> <span class='ocrx_word' id='word_1_27' title='bbox 1220 755 1315 818; x_wconf 88' lang='lat' dir='ltr'>ita</span> <span class='ocrx_word' id='word_1_28' title='bbox 1373 753 1587 818; x_wconf 89' lang='lat' dir='ltr'>dicam</span> <span class='ocrx_word' id='word_1_29' title='bbox 1643 755 2196 838; x_wconf 80' lang='lat' dir='ltr'>progressiva.</span> <span class='ocrx_word' id='word_1_30' title='bbox 2300 755 2534 838; x_wconf 88' lang='lat' dir='ltr'>Longe</span> <span class='ocrx_word' id='word_1_31' title='bbox 2579 753 2710 817; x_wconf 91' lang='lat' dir='ltr'>alia</span> 
     </span>
     <span class='ocr_line' id='line_1_6' title="bbox 544 855 2708 923; baseline -0 -2"><span class='ocrx_word' id='word_1_32' title='bbox 544 858 714 922; x_wconf 86' lang='lat' dir='ltr'>ratio</span> <span class='ocrx_word' id='word_1_33' title='bbox 760 858 1009 923; x_wconf 89' lang='lat' dir='ltr'>existat</span> <span class='ocrx_word' id='word_1_34' title='bbox 1062 878 1333 923; x_wconf 86' lang='lat' dir='ltr'>necesse</span> <span class='ocrx_word' id='word_1_35' title='bbox 1390 866 1492 923; x_wconf 88' lang='lat' dir='ltr'>est</span> <span class='ocrx_word' id='word_1_36' title='bbox 1552 858 1759 923; x_wconf 87' lang='lat' dir='ltr'>verbo</span> <span class='ocrx_word' id='word_1_37' title='bbox 1803 858 1998 922; x_wconf 86' lang='lat' dir='ltr'>finito</span> <span class='ocrx_word' id='word_1_38' title='bbox 2049 855 2367 923; x_wconf 81' lang='lat' dir='ltr'>adhibito,</span> <span class='ocrx_word' id='word_1_39' title='bbox 2458 858 2708 922; x_wconf 91' lang='lat' dir='ltr'>Actio</span> 
     </span>
     <span class='ocr_line' id='line_1_7' title="bbox 546 952 2709 1026; baseline 0 -2"><span class='ocrx_word' id='word_1_40' title='bbox 546 968 691 1025; x_wconf 89' lang='lat' dir='ltr'>aut</span> <span class='ocrx_word' id='word_1_41' title='bbox 757 981 842 1025; x_wconf 90' lang='lat' dir='ltr'>re</span> <span class='ocrx_word' id='word_1_42' title='bbox 903 981 1110 1026; x_wconf 90' lang='lat' dir='ltr'>vera</span> <span class='ocrx_word' id='word_1_43' title='bbox 1174 960 1398 1025; x_wconf 86' lang='lat' dir='ltr'>facta</span> <span class='ocrx_word' id='word_1_44' title='bbox 1452 961 1586 1026; x_wconf 85' lang='lat' dir='ltr'>vel</span> <span class='ocrx_word' id='word_1_45' title='bbox 1641 960 2022 1026; x_wconf 86' lang='lat' dir='ltr'>facienda</span> <span class='ocrx_word' id='word_1_46' title='bbox 2082 968 2219 1026; x_wconf 89' lang='lat' dir='ltr'>aut</span> <span class='ocrx_word' id='word_1_47' title='bbox 2284 968 2506 1026; x_wconf 90' lang='lat' dir='ltr'>certe</span> <span class='ocrx_word' id='word_1_48' title='bbox 2572 952 2709 1026; x_wconf 79' lang='lat' dir='ltr'>ex-</span> 
     </span>
     <span class='ocr_line' id='line_1_8' title="bbox 545 1063 2708 1149; baseline -0.001 -21"><span class='ocrx_word' id='word_1_49' title='bbox 545 1071 935 1147; x_wconf 88' lang='lat' dir='ltr'>spectata</span> <span class='ocrx_word' id='word_1_50' title='bbox 977 1063 1494 1148; x_wconf 77' lang='lat' dir='ltr'>exprimitur.</span> <span class='ocrx_word' id='word_1_51' title='bbox 1562 1064 1779 1142; x_wconf 84' lang='grc' dir='ltr'>(Τοῦτο</span> <span class='ocrx_word' id='word_1_52' title='bbox 1824 1064 1889 1149; x_wconf 80' lang='grc' dir='ltr'>ἦν</span> <span class='ocrx_word' id='word_1_53' title='bbox 1935 1066 2079 1130; x_wconf 86' lang='lat' dir='ltr'>sive</span> <span class='ocrx_word' id='word_1_54' title='bbox 2123 1064 2231 1125; x_wconf 82' lang='grc' dir='ltr'>οὐκ</span> <span class='ocrx_word' id='word_1_55' title='bbox 2274 1063 2356 1148; x_wconf 80' lang='grc' dir='ltr'>ἦν,</span> <span class='ocrx_word' id='word_1_56' title='bbox 2405 1066 2525 1146; x_wconf 76' lang='grc' dir='ltr'><em>πρὶν</em></span> <span class='ocrx_word' id='word_1_57' title='bbox 2572 1064 2708 1125; x_wconf 78' lang='grc' dir='ltr'><em>ἄλλο</em></span> 
     </span>
     <span class='ocr_line' id='line_1_9' title="bbox 547 1165 2709 1253; baseline 0.003 -27"><span class='ocrx_word' id='word_1_58' title='bbox 547 1189 599 1226; x_wconf 77' lang='grc' dir='ltr'>τι</span> <span class='ocrx_word' id='word_1_59' title='bbox 681 1165 971 1248; x_wconf 81' lang='grc' dir='ltr'><em>ἐγένετο.)</em></span> <span class='ocrx_word' id='word_1_60' title='bbox 1089 1165 1542 1234; x_wconf 77' lang='lat' dir='ltr'>Sententia</span> <span class='ocrx_word' id='word_1_61' title='bbox 1617 1169 2107 1234; x_wconf 87' lang='lat' dir='ltr'>secundaria</span> <span class='ocrx_word' id='word_1_62' title='bbox 2180 1177 2709 1253; x_wconf 87' lang='lat' dir='ltr'>comparatur</span> 
     </span>
     <span class='ocr_line' id='line_1_10' title="bbox 547 1262 2703 1358; baseline 0.001 -23"><span class='ocrx_word' id='word_1_63' title='bbox 547 1291 723 1335; x_wconf 76' lang='lat' dir='ltr'>cuni</span> <span class='ocrx_word' id='word_1_64' title='bbox 787 1262 1242 1354; x_wconf 88' lang='lat' dir='ltr'>primaria;¹</span> <span class='ocrx_word' id='word_1_65' title='bbox 1293 1273 1806 1355; x_wconf 87' lang='lat' dir='ltr'>comparatio</span> <span class='ocrx_word' id='word_1_66' title='bbox 1875 1281 2000 1338; x_wconf 89' lang='lat' dir='ltr'>est</span> <span class='ocrx_word' id='word_1_67' title='bbox 2070 1274 2567 1358; x_wconf 88' lang='lat' dir='ltr'>regressiva.</span> <span class='ocrx_word' id='word_1_68' title='bbox 2630 1310 2703 1318; x_wconf 96' lang='lat'>—</span> 
     </span>
     <span class='ocr_line' id='line_1_11' title="bbox 544 1373 2711 1460; baseline 0.001 -23"><span class='ocrx_word' id='word_1_69' title='bbox 544 1373 673 1438; x_wconf 83' lang='lat' dir='ltr'>His</span> <span class='ocrx_word' id='word_1_70' title='bbox 718 1373 915 1438; x_wconf 93' lang='lat' dir='ltr'>rebus</span> <span class='ocrx_word' id='word_1_71' title='bbox 982 1375 1325 1459; x_wconf 80' lang='lat' dir='ltr'>perpensis</span> <span class='ocrx_word' id='word_1_72' title='bbox 1380 1374 1576 1439; x_wconf 88' lang='lat' dir='ltr'>facile</span> <span class='ocrx_word' id='word_1_73' title='bbox 1637 1375 2040 1460; x_wconf 78' lang='lat' dir='ltr'>perspicitur</span> <span class='ocrx_word' id='word_1_74' title='bbox 2100 1374 2501 1440; x_wconf 89' lang='lat' dir='ltr'>adminiculo</span> <span class='ocrx_word' id='word_1_75' title='bbox 2570 1397 2711 1440; x_wconf 89' lang='lat' dir='ltr'>eor-</span> 
     </span>
     <span class='ocr_line' id='line_1_12' title="bbox 546 1476 2712 1559; baseline 0.001 -18"><span class='ocrx_word' id='word_1_76' title='bbox 546 1476 909 1556; x_wconf 89' lang='lat' dir='ltr'>relationis‚</span> <span class='ocrx_word' id='word_1_77' title='bbox 972 1498 1102 1559; x_wconf 91' lang='lat' dir='ltr'>quo</span> <span class='ocrx_word' id='word_1_78' title='bbox 1146 1486 1215 1544; x_wconf 88' lang='lat' dir='ltr'>et</span> <span class='ocrx_word' id='word_1_79' title='bbox 1270 1477 1556 1543; x_wconf 81' lang='lat' dir='ltr'>Richter</span> <span class='ocrx_word' id='word_1_80' title='bbox 1609 1486 1677 1543; x_wconf 92' lang='lat' dir='ltr'>et</span> <span class='ocrx_word' id='word_1_81' title='bbox 1730 1479 1984 1544; x_wconf 87' lang='lat' dir='ltr'>Prause</span> <span class='ocrx_word' id='word_1_82' title='bbox 2042 1487 2109 1544; x_wconf 91' lang='lat' dir='ltr'>et</span> <span class='ocrx_word' id='word_1_83' title='bbox 2151 1479 2380 1544; x_wconf 87' lang='lat' dir='ltr'>Lueth</span> <span class='ocrx_word' id='word_1_84' title='bbox 2424 1480 2506 1544; x_wconf 88' lang='lat' dir='ltr'>ad</span> <span class='ocrx_word' id='word_1_85' title='bbox 2558 1499 2712 1544; x_wconf 88' lang='lat' dir='ltr'>con-</span> 
     </span>
     <span class='ocr_line' id='line_1_13' title="bbox 544 1579 2708 1667; baseline 0 -23"><span class='ocrx_word' id='word_1_86' title='bbox 544 1579 905 1644; x_wconf 87' lang='lat' dir='ltr'>iunctionis</span> <span class='ocrx_word' id='word_1_87' title='bbox 951 1583 1073 1664; x_wconf 66' lang='grc' dir='ltr'><em>τςοίν</em></span> <span class='ocrx_word' id='word_1_88' title='bbox 1118 1582 1443 1667; x_wconf 87' lang='lat' dir='ltr'>originem</span> <span class='ocrx_word' id='word_1_89' title='bbox 1500 1581 1962 1665; x_wconf 87' lang='lat' dir='ltr'>explicandam</span> <span class='ocrx_word' id='word_1_90' title='bbox 2005 1590 2308 1661; x_wconf 89' lang='lat' dir='ltr'>utuntur,</span> <span class='ocrx_word' id='word_1_91' title='bbox 2362 1602 2499 1646; x_wconf 89' lang='lat' dir='ltr'>non</span> <span class='ocrx_word' id='word_1_92' title='bbox 2545 1603 2708 1665; x_wconf 90' lang='lat' dir='ltr'>opus</span> 
     </span>
     <span class='ocr_line' id='line_1_14' title="bbox 547 1682 2710 1769; baseline 0.001 -21"><span class='ocrx_word' id='word_1_93' title='bbox 547 1703 708 1749; x_wconf 89' lang='lat' dir='ltr'>esse.</span> <span class='ocrx_word' id='word_1_94' title='bbox 793 1682 1129 1765; x_wconf 77' lang='lat' dir='ltr'>Quidnam</span> <span class='ocrx_word' id='word_1_95' title='bbox 1188 1706 1420 1750; x_wconf 91' lang='lat' dir='ltr'>causae</span> <span class='ocrx_word' id='word_1_96' title='bbox 1470 1685 1679 1750; x_wconf 87' lang='lat' dir='ltr'>fuisse</span> <span class='ocrx_word' id='word_1_97' title='bbox 1734 1686 2154 1764; x_wconf 87' lang='lat' dir='ltr'>arbitremur,</span> <span class='ocrx_word' id='word_1_98' title='bbox 2213 1706 2331 1750; x_wconf 89' lang='lat' dir='ltr'>cur</span> <span class='ocrx_word' id='word_1_99' title='bbox 2375 1685 2710 1769; x_wconf 88' lang='lat' dir='ltr'>extemplo</span> 
     </span>
     <span class='ocr_line' id='line_1_15' title="bbox 546 1788 2709 1874; baseline -0 -22"><span class='ocrx_word' id='word_1_100' title='bbox 546 1809 630 1852; x_wconf 89' lang='lat' dir='ltr'>ex</span> <span class='ocrx_word' id='word_1_101' title='bbox 677 1788 1016 1854; x_wconf 90' lang='lat' dir='ltr'>infinitivo</span> <span class='ocrx_word' id='word_1_102' title='bbox 1060 1810 1100 1853; x_wconf 88' lang='lat' dir='ltr'>a</span> <span class='ocrx_word' id='word_1_103' title='bbox 1142 1791 1267 1871; x_wconf 61' lang='grc' dir='ltr'>ηοίν</span> <span class='ocrx_word' id='word_1_104' title='bbox 1317 1789 1646 1874; x_wconf 86' lang='lat' dir='ltr'>particula</span> <span class='ocrx_word' id='word_1_105' title='bbox 1696 1788 2016 1872; x_wconf 85' lang='lat' dir='ltr'>pendenti</span> <span class='ocrx_word' id='word_1_106' title='bbox 2071 1789 2417 1854; x_wconf 88' lang='lat' dir='ltr'>emerserit</span> <span class='ocrx_word' id='word_1_107' title='bbox 2477 1788 2709 1853; x_wconf 88' lang='lat' dir='ltr'>modus</span> 
     </span>
     <span class='ocr_line' id='line_1_16' title="bbox 545 1892 2709 1978; baseline -0.002 -17"><span class='ocrx_word' id='word_1_108' title='bbox 545 1892 786 1974; x_wconf 81' lang='lat' dir='ltr'>aliquis</span> <span class='ocrx_word' id='word_1_109' title='bbox 842 1892 1119 1958; x_wconf 82' lang='lat' dir='ltr'>finitus?</span> <span class='ocrx_word' id='word_1_110' title='bbox 1207 1893 1635 1977; x_wconf 81' lang='lat' dir='ltr'>Maximeque</span> <span class='ocrx_word' id='word_1_111' title='bbox 1690 1893 1961 1958; x_wconf 90' lang='lat' dir='ltr'>illorum</span> <span class='ocrx_word' id='word_1_112' title='bbox 2017 1892 2318 1959; x_wconf 91' lang='lat' dir='ltr'>virorum</span> <span class='ocrx_word' id='word_1_113' title='bbox 2363 1913 2709 1978; x_wconf 89' lang='lat' dir='ltr'>argumen-</span> 
     </span>
     <span class='ocr_line' id='line_1_17' title="bbox 548 1994 2709 2080; baseline -0.001 -20"><span class='ocrx_word' id='word_1_114' title='bbox 548 1996 788 2061; x_wconf 90' lang='lat' dir='ltr'>tationi</span> <span class='ocrx_word' id='word_1_115' title='bbox 821 2017 899 2061; x_wconf 85' lang='lat' dir='ltr'>ea</span> <span class='ocrx_word' id='word_1_116' title='bbox 933 2018 1038 2061; x_wconf 93' lang='lat' dir='ltr'>res</span> <span class='ocrx_word' id='word_1_117' title='bbox 1074 1996 1315 2076; x_wconf 85' lang='lat' dir='ltr'>obstat,</span> <span class='ocrx_word' id='word_1_118' title='bbox 1360 1996 1535 2080; x_wconf 87' lang='lat' dir='ltr'>quod</span> <span class='ocrx_word' id='word_1_119' title='bbox 1557 1997 1630 2061; x_wconf 90' lang='lat' dir='ltr'>in</span> <span class='ocrx_word' id='word_1_120' title='bbox 1668 1996 2048 2080; x_wconf 88' lang='lat' dir='ltr'>primordiis</span> <span class='ocrx_word' id='word_1_121' title='bbox 2092 1994 2271 2060; x_wconf 90' lang='lat' dir='ltr'>modi</span> <span class='ocrx_word' id='word_1_122' title='bbox 2315 1996 2493 2059; x_wconf 86' lang='lat' dir='ltr'>finiti</span> <span class='ocrx_word' id='word_1_123' title='bbox 2537 1994 2709 2078; x_wconf 88' lang='lat' dir='ltr'>apud</span> 
     </span>
     <span class='ocr_line' id='line_1_18' title="bbox 546 2098 2708 2185; baseline -0.001 -21"><span class='ocrx_word' id='word_1_124' title='bbox 546 2101 916 2166; x_wconf 89' lang='lat' dir='ltr'>Homerum</span> <span class='ocrx_word' id='word_1_125' title='bbox 961 2100 1457 2184; x_wconf 89' lang='lat' dir='ltr'>Hesiodumque</span> <span class='ocrx_word' id='word_1_126' title='bbox 1501 2099 1862 2185; x_wconf 88' lang='lat' dir='ltr'>geminatio</span> <span class='ocrx_word' id='word_1_127' title='bbox 1907 2098 2270 2182; x_wconf 76' lang='lat' dir='ltr'>particulae</span> <span class='ocrx_word' id='word_1_128' title='bbox 2314 2100 2454 2181; x_wconf 80' lang='grc' dir='ltr'><em>πρίν,</em></span> <span class='ocrx_word' id='word_1_129' title='bbox 2514 2118 2708 2179; x_wconf 88' lang='lat' dir='ltr'>quam</span> 
     </span>
     <span class='ocr_line' id='line_1_19' title="bbox 547 2200 2707 2288; baseline -0.001 -21"><span class='ocrx_word' id='word_1_130' title='bbox 547 2204 875 2288; x_wconf 88' lang='lat' dir='ltr'>optimum</span> <span class='ocrx_word' id='word_1_131' title='bbox 920 2204 1377 2270; x_wconf 88' lang='lat' dir='ltr'>correlationis</span> <span class='ocrx_word' id='word_1_132' title='bbox 1435 2211 1678 2268; x_wconf 87' lang='lat' dir='ltr'>testem</span> <span class='ocrx_word' id='word_1_133' title='bbox 1730 2210 1989 2286; x_wconf 88' lang='lat' dir='ltr'>putant,</span> <span class='ocrx_word' id='word_1_134' title='bbox 2051 2203 2265 2267; x_wconf 88' lang='lat' dir='ltr'>rarius</span> <span class='ocrx_word' id='word_1_135' title='bbox 2320 2223 2445 2265; x_wconf 90' lang='lat' dir='ltr'>usu</span> <span class='ocrx_word' id='word_1_136' title='bbox 2502 2200 2707 2265; x_wconf 91' lang='lat' dir='ltr'>venit.</span> 
     </span>
    </p>

    <p class='ocr_par' dir='ltr' id='par_1_4' title="bbox 550 2305 2718 4042">
     <span class='ocr_line' id='line_1_20' title="bbox 726 2305 2710 2393; baseline -0.003 -20"><span class='ocrx_word' id='word_1_137' title='bbox 726 2307 925 2392; x_wconf 88' lang='lat' dir='ltr'>Apud</span> <span class='ocrx_word' id='word_1_138' title='bbox 989 2310 1347 2393; x_wconf 87' lang='lat' dir='ltr'>scriptores</span> <span class='ocrx_word' id='word_1_139' title='bbox 1414 2322 1716 2392; x_wconf 89' lang='lat' dir='ltr'>posteros</span> <span class='ocrx_word' id='word_1_140' title='bbox 1782 2308 1906 2389; x_wconf 65' lang='grc' dir='ltr'>νςοῖν</span> <span class='ocrx_word' id='word_1_141' title='bbox 1963 2307 2174 2391; x_wconf 89' lang='lat' dir='ltr'>magis</span> <span class='ocrx_word' id='word_1_142' title='bbox 2239 2306 2578 2390; x_wconf 83' lang='lat' dir='ltr'>magisque</span> <span class='ocrx_word' id='word_1_143' title='bbox 2637 2305 2710 2366; x_wconf 89' lang='grc'>111</span> 
     </span>
     <span class='ocr_line' id='line_1_21' title="bbox 552 2407 2709 2489; baseline -0.004 -12"><span class='ocrx_word' id='word_1_144' title='bbox 552 2420 764 2477; x_wconf 88' lang='lat' dir='ltr'>certos</span> <span class='ocrx_word' id='word_1_145' title='bbox 849 2412 1336 2478; x_wconf 90' lang='lat' dir='ltr'>coniunctionis</span> <span class='ocrx_word' id='word_1_146' title='bbox 1422 2413 1592 2476; x_wconf 91' lang='lat' dir='ltr'>fines</span> <span class='ocrx_word' id='word_1_147' title='bbox 1677 2431 1820 2476; x_wconf 91' lang='lat' dir='ltr'>sese</span> <span class='ocrx_word' id='word_1_148' title='bbox 1906 2410 2262 2474; x_wconf 88' lang='lat' dir='ltr'>contraxit.</span> <span class='ocrx_word' id='word_1_149' title='bbox 2386 2407 2709 2489; x_wconf 76' lang='lat' dir='ltr'>Quamvis</span> 
     </span>
     <span class='ocr_line' id='line_1_22' title="bbox 551 2511 2712 2599; baseline -0.004 -20"><span class='ocrx_word' id='word_1_150' title='bbox 551 2515 911 2599; x_wconf 87' lang='lat' dir='ltr'>scriptores</span> <span class='ocrx_word' id='word_1_151' title='bbox 956 2514 1171 2580; x_wconf 91' lang='lat' dir='ltr'>Ionici</span> <span class='ocrx_word' id='word_1_152' title='bbox 1215 2523 1283 2581; x_wconf 91' lang='lat' dir='ltr'>et</span> <span class='ocrx_word' id='word_1_153' title='bbox 1319 2514 1703 2580; x_wconf 90' lang='lat' dir='ltr'>Atticorum</span> <span class='ocrx_word' id='word_1_154' title='bbox 1753 2512 1992 2595; x_wconf 84' lang='lat' dir='ltr'>tragici</span> <span class='ocrx_word' id='word_1_155' title='bbox 2044 2532 2545 2595; x_wconf 87' lang='lat' dir='ltr'>nonnumquam</span> <span class='ocrx_word' id='word_1_156' title='bbox 2590 2511 2712 2592; x_wconf 80' lang='grc' dir='ltr'><em>πρίν</em></span> 
     </span>
     <span class='ocr_line' id='line_1_23' title="bbox 550 2613 2714 2699; baseline -0.003 -15"><span class='ocrx_word' id='word_1_157' title='bbox 550 2617 953 2684; x_wconf 89' lang='lat' dir='ltr'>vocabulum</span> <span class='ocrx_word' id='word_1_158' title='bbox 1016 2619 1184 2684; x_wconf 89' lang='lat' dir='ltr'>meri</span> <span class='ocrx_word' id='word_1_159' title='bbox 1250 2618 1552 2685; x_wconf 85' lang='lat' dir='ltr'>adverbii</span> <span class='ocrx_word' id='word_1_160' title='bbox 1616 2618 1761 2682; x_wconf 93' lang='lat' dir='ltr'>loco</span> <span class='ocrx_word' id='word_1_161' title='bbox 1840 2637 2044 2699; x_wconf 89' lang='lat' dir='ltr'>aeque</span> <span class='ocrx_word' id='word_1_162' title='bbox 2109 2638 2185 2681; x_wconf 87' lang='lat' dir='ltr'>ac</span> <span class='ocrx_word' id='word_1_163' title='bbox 2249 2616 2534 2698; x_wconf 78' lang='grc' dir='ltr'><em>πρότερον</em></span> <span class='ocrx_word' id='word_1_164' title='bbox 2602 2613 2714 2678; x_wconf 83' lang='lat' dir='ltr'>ad&#39;-</span> 
     </span>
     <span class='ocr_line' id='line_1_24' title="bbox 553 2718 2712 2804; baseline -0.001 -20"><span class='ocrx_word' id='word_1_165' title='bbox 553 2720 915 2800; x_wconf 86' lang='lat' dir='ltr'>hibuerint,</span> <span class='ocrx_word' id='word_1_166' title='bbox 973 2728 1197 2786; x_wconf 88' lang='lat' dir='ltr'>tamon</span> <span class='ocrx_word' id='word_1_167' title='bbox 1253 2721 1441 2787; x_wconf 92' lang='lat' dir='ltr'>nullo</span> <span class='ocrx_word' id='word_1_168' title='bbox 1497 2721 1644 2786; x_wconf 91' lang='lat' dir='ltr'>loco</span> <span class='ocrx_word' id='word_1_169' title='bbox 1698 2720 2077 2804; x_wconf 91' lang='lat' dir='ltr'>exemplum</span> <span class='ocrx_word' id='word_1_170' title='bbox 2143 2719 2281 2783; x_wconf 90' lang='lat' dir='ltr'>illis</span> <span class='ocrx_word' id='word_1_171' title='bbox 2337 2718 2712 2783; x_wconf 88' lang='lat' dir='ltr'>Homericis</span> 
     </span>
     <span class='ocr_line' id='line_1_25' title="bbox 553 2822 2713 2908; baseline -0.002 -18"><span class='ocrx_word' id='word_1_172' title='bbox 553 2825 770 2891; x_wconf 89' lang='lat' dir='ltr'>simile</span> <span class='ocrx_word' id='word_1_173' title='bbox 826 2832 1065 2904; x_wconf 86' lang='lat' dir='ltr'>exstat,</span> <span class='ocrx_word' id='word_1_174' title='bbox 1134 2825 1231 2890; x_wconf 87' lang='lat' dir='ltr'>ita</span> <span class='ocrx_word' id='word_1_175' title='bbox 1294 2833 1371 2891; x_wconf 87' lang='lat' dir='ltr'>ut</span> <span class='ocrx_word' id='word_1_176' title='bbox 1426 2826 1550 2908; x_wconf 80' lang='grc' dir='ltr'><em>πρίν</em></span> <span class='ocrx_word' id='word_1_177' title='bbox 1616 2845 1874 2888; x_wconf 90' lang='lat' dir='ltr'>merum</span> <span class='ocrx_word' id='word_1_178' title='bbox 1940 2822 2330 2888; x_wconf 84' lang='lat' dir='ltr'>adverbium</span> <span class='ocrx_word' id='word_1_179' title='bbox 2390 2823 2462 2885; x_wconf 89' lang='grc'>111</span> <span class='ocrx_word' id='word_1_180' title='bbox 2519 2822 2713 2886; x_wconf 92' lang='lat' dir='ltr'>initio</span> 
     </span>
     <span class='ocr_line' id='line_1_26' title="bbox 553 2925 2709 3013; baseline -0.002 -21"><span class='ocrx_word' id='word_1_181' title='bbox 553 2928 885 2994; x_wconf 89' lang='lat' dir='ltr'>enuntiati</span> <span class='ocrx_word' id='word_1_182' title='bbox 929 2929 1224 3013; x_wconf 90' lang='lat' dir='ltr'>positum</span> <span class='ocrx_word' id='word_1_183' title='bbox 1267 2928 1350 2994; x_wconf 90' lang='lat' dir='ltr'>ad</span> <span class='ocrx_word' id='word_1_184' title='bbox 1395 2927 1798 2994; x_wconf 87' lang='lat' dir='ltr'>sententiam</span> <span class='ocrx_word' id='word_1_185' title='bbox 1843 2925 2341 2992; x_wconf 86' lang='lat' dir='ltr'>antecedentem</span> <span class='ocrx_word' id='word_1_186' title='bbox 2379 2925 2709 3009; x_wconf 90' lang='lat' dir='ltr'>respiciat.</span> 
     </span>
     <span class='ocr_line' id='line_1_27' title="bbox 553 3028 2715 3116; baseline -0.004 -20"><span class='ocrx_word' id='word_1_187' title='bbox 553 3030 757 3115; x_wconf 90' lang='lat' dir='ltr'>Apud</span> <span class='ocrx_word' id='word_1_188' title='bbox 822 3032 1181 3116; x_wconf 86' lang='lat' dir='ltr'>scriptores</span> <span class='ocrx_word' id='word_1_189' title='bbox 1251 3032 1639 3098; x_wconf 90' lang='lat' dir='ltr'>Atticorum</span> <span class='ocrx_word' id='word_1_190' title='bbox 1717 3031 2057 3115; x_wconf 88' lang='lat' dir='ltr'>pedestres</span> <span class='ocrx_word' id='word_1_191' title='bbox 2134 3028 2525 3094; x_wconf 82' lang='lat' dir='ltr'>adverbium</span> <span class='ocrx_word' id='word_1_192' title='bbox 2592 3029 2715 3110; x_wconf 73' lang='grc' dir='ltr'><em>πρίν</em></span> 
     </span>
     <span class='ocr_line' id='line_1_28' title="bbox 552 3132 2716 3219; baseline -0.002 -20"><span class='ocrx_word' id='word_1_193' title='bbox 552 3135 691 3200; x_wconf 88' lang='lat' dir='ltr'>fere</span> <span class='ocrx_word' id='word_1_194' title='bbox 779 3157 1051 3219; x_wconf 85' lang='lat' dir='ltr'>prorsus</span> <span class='ocrx_word' id='word_1_195' title='bbox 1140 3136 1430 3201; x_wconf 88' lang='lat' dir='ltr'>evanuit.</span> <span class='ocrx_word' id='word_1_196' title='bbox 1567 3134 1990 3219; x_wconf 75' lang='lat' dir='ltr'>Thucydides</span> <span class='ocrx_word' id='word_1_197' title='bbox 2079 3132 2362 3216; x_wconf 89' lang='lat' dir='ltr'>quidem,</span> <span class='ocrx_word' id='word_1_198' title='bbox 2461 3132 2716 3215; x_wconf 88' lang='lat' dir='ltr'>priscae</span> 
     </span>
     <span class='ocr_line' id='line_1_29' title="bbox 555 3234 2713 3319; baseline -0.003 -15"><span class='ocrx_word' id='word_1_199' title='bbox 555 3239 950 3304; x_wconf 89' lang='lat' dir='ltr'>elocutionis</span> <span class='ocrx_word' id='word_1_200' title='bbox 969 3246 1415 3318; x_wconf 90' lang='lat' dir='ltr'>conservator,</span> <span class='ocrx_word' id='word_1_201' title='bbox 1439 3238 1779 3304; x_wconf 87' lang='lat' dir='ltr'>interdum</span> <span class='ocrx_word' id='word_1_202' title='bbox 1794 3240 1917 3319; x_wconf 82' lang='grc' dir='ltr'><em>πρίν</em></span> <span class='ocrx_word' id='word_1_203' title='bbox 1930 3235 2402 3301; x_wconf 88' lang='lat' dir='ltr'>adverbialiter</span> <span class='ocrx_word' id='word_1_204' title='bbox 2425 3234 2713 3312; x_wconf 89' lang='lat' dir='ltr'>adhibet,</span> 
     </span>
     <span class='ocr_line' id='line_1_30' title="bbox 554 3337 2714 3422; baseline -0.003 -15"><span class='ocrx_word' id='word_1_205' title='bbox 554 3341 637 3408; x_wconf 88' lang='lat' dir='ltr'>cf.</span> <span class='ocrx_word' id='word_1_206' title='bbox 682 3342 738 3421; x_wconf 92' lang='lat' dir='ltr'>I,</span> <span class='ocrx_word' id='word_1_207' title='bbox 786 3340 889 3421; x_wconf 85' lang='lat'>90,</span> <span class='ocrx_word' id='word_1_208' title='bbox 928 3341 993 3422; x_wconf 79' lang='lat'>13</span> <span class='ocrx_word' id='word_1_209' title='bbox 1038 3341 1170 3422; x_wconf 87' lang='grc' dir='ltr'>ΠΙ,</span> <span class='ocrx_word' id='word_1_210' title='bbox 1223 3340 1320 3422; x_wconf 89' lang='grc'>13,</span> <span class='ocrx_word' id='word_1_211' title='bbox 1355 3341 1425 3422; x_wconf 76' lang='lat'>63</span> <span class='ocrx_word' id='word_1_212' title='bbox 1471 3343 1600 3420; x_wconf 90' lang='grc' dir='ltr'>ΠΙ,</span> <span class='ocrx_word' id='word_1_213' title='bbox 1649 3342 1750 3420; x_wconf 88' lang='grc'>51,</span> <span class='ocrx_word' id='word_1_214' title='bbox 1784 3338 1853 3419; x_wconf 83' lang='grc'>2;</span> <span class='ocrx_word' id='word_1_215' title='bbox 1902 3338 2023 3418; x_wconf 89' lang='lat' dir='ltr'>IV,</span> <span class='ocrx_word' id='word_1_216' title='bbox 2070 3337 2173 3416; x_wconf 87' lang='grc'>21,</span> <span class='ocrx_word' id='word_1_217' title='bbox 2224 3337 2287 3416; x_wconf 88' lang='grc'>1;</span> <span class='ocrx_word' id='word_1_218' title='bbox 2332 3337 2457 3415; x_wconf 87' lang='lat' dir='ltr'>VI,</span> <span class='ocrx_word' id='word_1_219' title='bbox 2514 3337 2611 3417; x_wconf 86' lang='lat'>10,</span> <span class='ocrx_word' id='word_1_220' title='bbox 2645 3338 2714 3417; x_wconf 82' lang='lat'>43</span> 
     </span>
     <span class='ocr_line' id='line_1_31' title="bbox 560 3440 2717 3525; baseline -0.002 -16"><span class='ocrx_word' id='word_1_221' title='bbox 560 3440 659 3524; x_wconf 86' lang='lat'>13,</span> <span class='ocrx_word' id='word_1_222' title='bbox 712 3443 738 3510; x_wconf 91' lang='lat'>1</span> <span class='ocrx_word' id='word_1_223' title='bbox 792 3443 939 3511; x_wconf 88' lang='lat' dir='ltr'>alia.</span> <span class='ocrx_word' id='word_1_224' title='bbox 1030 3444 1347 3511; x_wconf 84' lang='lat' dir='ltr'>Fortasse</span> <span class='ocrx_word' id='word_1_225' title='bbox 1401 3465 1538 3509; x_wconf 88' lang='lat' dir='ltr'>non</span> <span class='ocrx_word' id='word_1_226' title='bbox 1596 3464 1749 3508; x_wconf 91' lang='lat' dir='ltr'>casu</span> <span class='ocrx_word' id='word_1_227' title='bbox 1797 3440 2081 3525; x_wconf 88' lang='lat' dir='ltr'>quodam</span> <span class='ocrx_word' id='word_1_228' title='bbox 2130 3441 2380 3506; x_wconf 87' lang='lat' dir='ltr'>factum</span> <span class='ocrx_word' id='word_1_229' title='bbox 2424 3449 2544 3520; x_wconf 86' lang='lat' dir='ltr'>est,</span> <span class='ocrx_word' id='word_1_230' title='bbox 2603 3441 2717 3506; x_wconf 89' lang='lat' dir='ltr'>sed</span> 
     </span>
     <span class='ocr_line' id='line_1_32' title="bbox 555 3543 2716 3633; baseline -0.002 -19"><span class='ocrx_word' id='word_1_231' title='bbox 555 3548 833 3614; x_wconf 91' lang='lat' dir='ltr'>consilio</span> <span class='ocrx_word' id='word_1_232' title='bbox 879 3549 1244 3633; x_wconf 87' lang='lat' dir='ltr'>scriptoris,</span> <span class='ocrx_word' id='word_1_233' title='bbox 1290 3556 1368 3615; x_wconf 88' lang='lat' dir='ltr'>ut</span> <span class='ocrx_word' id='word_1_234' title='bbox 1400 3547 1473 3612; x_wconf 90' lang='lat' dir='ltr'>in</span> <span class='ocrx_word' id='word_1_235' title='bbox 1504 3545 1734 3611; x_wconf 89' lang='lat' dir='ltr'>Niciae</span> <span class='ocrx_word' id='word_1_236' title='bbox 1766 3545 2064 3611; x_wconf 88' lang='lat' dir='ltr'>oratione</span> <span class='ocrx_word' id='word_1_237' title='bbox 2108 3543 2257 3623; x_wconf 88' lang='lat' dir='ltr'>(VI,</span> <span class='ocrx_word' id='word_1_238' title='bbox 2304 3543 2544 3621; x_wconf 75' lang='lat'>9—14)</span> <span class='ocrx_word' id='word_1_239' title='bbox 2588 3545 2716 3609; x_wconf 88' lang='lat' dir='ltr'>duo</span> 
     </span>
     <span class='ocr_line' id='line_1_33' title="bbox 555 3647 2717 3734; baseline -0.003 -18"><span class='ocrx_word' id='word_1_240' title='bbox 555 3652 752 3717; x_wconf 90' lang='lat' dir='ltr'>huius</span> <span class='ocrx_word' id='word_1_241' title='bbox 833 3651 1135 3718; x_wconf 83' lang='lat' dir='ltr'>a&#39;dverbii</span> <span class='ocrx_word' id='word_1_242' title='bbox 1206 3653 1330 3734; x_wconf 81' lang='grc' dir='ltr'><em>πρίν</em></span> <span class='ocrx_word' id='word_1_243' title='bbox 1403 3649 1712 3734; x_wconf 88' lang='lat' dir='ltr'>exempla</span> <span class='ocrx_word' id='word_1_244' title='bbox 1782 3649 2234 3714; x_wconf 87' lang='lat' dir='ltr'>inveniantur.</span> <span class='ocrx_word' id='word_1_245' title='bbox 2346 3648 2572 3712; x_wconf 83' lang='lat' dir='ltr'>Etiam</span> <span class='ocrx_word' id='word_1_246' title='bbox 2645 3647 2717 3710; x_wconf 87' lang='lat' dir='ltr'>in</span> 
     </span>
     <span class='ocr_line' id='line_1_34' title="bbox 557 3750 2717 3841; baseline -0.004 -20"><span class='ocrx_word' id='word_1_247' title='bbox 557 3755 1029 3841; x_wconf 85' lang='lat' dir='ltr'>epigrammate</span> <span class='ocrx_word' id='word_1_248' title='bbox 1095 3755 1383 3821; x_wconf 88' lang='lat' dir='ltr'>Hermae</span> <span class='ocrx_word' id='word_1_249' title='bbox 1452 3753 1713 3818; x_wconf 90' lang='lat' dir='ltr'>cuidam</span> <span class='ocrx_word' id='word_1_250' title='bbox 1775 3753 2119 3837; x_wconf 86' lang='lat' dir='ltr'>inscripto,</span> <span class='ocrx_word' id='word_1_251' title='bbox 2189 3750 2363 3835; x_wconf 90' lang='lat' dir='ltr'>quod</span> <span class='ocrx_word' id='word_1_252' title='bbox 2408 3750 2581 3814; x_wconf 89' lang='lat' dir='ltr'>idem</span> <span class='ocrx_word' id='word_1_253' title='bbox 2646 3751 2717 3813; x_wconf 91' lang='lat' dir='ltr'>in</span> 
     </span>
     <span class='ocr_line' id='line_1_35' title="bbox 556 3852 2718 3936; baseline -0.005 -15"><span class='ocrx_word' id='word_1_254' title='bbox 556 3857 836 3923; x_wconf 87' lang='lat' dir='ltr'>Anthol.</span> <span class='ocrx_word' id='word_1_255' title='bbox 897 3857 1112 3924; x_wconf 90' lang='lat' dir='ltr'>Palat.</span> <span class='ocrx_word' id='word_1_256' title='bbox 1170 3857 1294 3936; x_wconf 82' lang='lat' dir='ltr'>VI,</span> <span class='ocrx_word' id='word_1_257' title='bbox 1363 3852 1486 3921; x_wconf 84' lang='lat'>138</span> <span class='ocrx_word' id='word_1_258' title='bbox 1542 3863 1885 3921; x_wconf 89' lang='lat' dir='ltr'>servatum</span> <span class='ocrx_word' id='word_1_259' title='bbox 1953 3865 2075 3935; x_wconf 89' lang='lat' dir='ltr'>cst,</span> <span class='ocrx_word' id='word_1_260' title='bbox 2143 3853 2529 3920; x_wconf 89' lang='lat' dir='ltr'>adverbium</span> <span class='ocrx_word' id='word_1_261' title='bbox 2594 3854 2718 3933; x_wconf 82' lang='grc' dir='ltr'><em>πρίν</em></span> 
     </span>
     <span class='ocr_line' id='line_1_36' title="bbox 555 3954 2718 4042; baseline -0.004 -17"><span class='ocrx_word' id='word_1_262' title='bbox 555 3968 796 4027; x_wconf 90' lang='lat' dir='ltr'>exstat.</span> <span class='ocrx_word' id='word_1_263' title='bbox 812 3961 855 4037; x_wconf 91' lang='lat'>¹)</span> <span class='ocrx_word' id='word_1_264' title='bbox 912 3959 1290 4040; x_wconf 89' lang='lat' dir='ltr'>Distichon,</span> <span class='ocrx_word' id='word_1_265' title='bbox 1316 3957 1490 4042; x_wconf 92' lang='lat' dir='ltr'>quod</span> <span class='ocrx_word' id='word_1_266' title='bbox 1509 3957 1974 4024; x_wconf 88' lang='lat' dir='ltr'>Kirchhoffius</span> <span class='ocrx_word' id='word_1_267' title='bbox 2001 3959 2367 4041; x_wconf 88' lang='lat' dir='ltr'>scripturae</span> <span class='ocrx_word' id='word_1_268' title='bbox 2390 3954 2718 4019; x_wconf 88' lang='lat' dir='ltr'>rationem</span> 
     </span>
    </p>
   </div>
   <div class='ocr_carea' id='block_1_4' title="bbox 555 4112 968 4123">
    <p class='ocr_par' dir='ltr' id='par_1_5' title="bbox 555 4112 968 4123">
     <span class='ocr_line' id='line_1_37' title="bbox 555 4112 968 4123; baseline 0 457"><span class='ocrx_word' id='word_1_269' title='bbox 555 4112 968 4123; x_wconf 95' lang='lat' dir='ltr'> </span> 
     </span>
    </p>
   </div>
   <div class='ocr_carea' id='block_1_5' title="bbox 730 4174 2328 4248">
    <p class='ocr_par' dir='ltr' id='par_1_6' title="bbox 730 4174 2328 4248">
     <span class='ocr_line' id='line_1_38' title="bbox 730 4174 2328 4248; baseline -0.002 -17"><span class='ocrx_word' id='word_1_270' title='bbox 730 4178 773 4246; x_wconf 91' lang='lat'>1)</span> <span class='ocrx_word' id='word_1_271' title='bbox 807 4177 1096 4232; x_wconf 87' lang='lat' dir='ltr'>Invenitur</span> <span class='ocrx_word' id='word_1_272' title='bbox 1127 4177 1186 4231; x_wconf 88' lang='lat' dir='ltr'>in</span> <span class='ocrx_word' id='word_1_273' title='bbox 1221 4177 1390 4248; x_wconf 81' lang='lat' dir='ltr'>Gorp.</span> <span class='ocrx_word' id='word_1_274' title='bbox 1424 4176 1592 4234; x_wconf 85' lang='lat' dir='ltr'>inser.</span> <span class='ocrx_word' id='word_1_275' title='bbox 1628 4178 1748 4232; x_wconf 91' lang='lat' dir='ltr'>Att.</span> <span class='ocrx_word' id='word_1_276' title='bbox 1782 4177 1826 4245; x_wconf 95' lang='lat' dir='ltr'>I,</span> <span class='ocrx_word' id='word_1_277' title='bbox 1860 4176 1962 4230; x_wconf 89' lang='lat'>381</span> <span class='ocrx_word' id='word_1_278' title='bbox 2001 4178 2152 4245; x_wconf 84' lang='lat' dir='ltr'>(pag.</span> <span class='ocrx_word' id='word_1_279' title='bbox 2191 4174 2328 4243; x_wconf 87' lang='lat'>184).</span> 
     </span>
    </p>
   </div>
   <div class='ocr_carea' id='block_1_6' title="bbox 3060 4015 3063 4529">
    <p class='ocr_par' dir='ltr' id='par_1_7' title="bbox 3060 4015 3063 4529">
     <span class='ocr_line' id='line_1_39' title="bbox 3060 4015 3063 4529; baseline 0 0"><span class='ocrx_word' id='word_1_280' title='bbox 3060 4015 3063 4529; x_wconf 95' lang='lat' dir='ltr'> </span> 
     </span>
    </p>
   </div>
  </div>
 </body>
</html>
