<?xml version="1.0" encoding="UTF-8"?>
<!DOCTYPE html PUBLIC "-//W3C//DTD XHTML 1.0 Transitional//EN"
    "http://www.w3.org/TR/xhtml1/DTD/xhtml1-transitional.dtd">
<html xmlns="http://www.w3.org/1999/xhtml" xml:lang="en" lang="en">
 <head>
  <title>
</title>
<meta http-equiv="Content-Type" content="text/html;charset=utf-8" />
  <meta name='ocr-system' content='tesseract 3.04.00' />
  <meta name='ocr-capabilities' content='ocr_page ocr_carea ocr_par ocr_line ocrx_word'/>
</head>
<body>
  <div class='ocr_page' id='page_1' title='image "./deusuparticulae00wagngoog_0019.png"; bbox 0 0 3088 4580; ppageno 0'>
   <div class='ocr_carea' id='block_1_1' title="bbox 2576 286 2651 354">
    <p class='ocr_par' dir='ltr' id='par_1_1' title="bbox 2576 286 2651 354">
     <span class='ocr_line' id='line_1_1' title="bbox 2576 286 2651 354; baseline -0.013 0"><span class='ocrx_word' id='word_1_1' title='bbox 2576 286 2651 354; x_wconf 83' lang='lat'><strong>11</strong></span> 
     </span>
    </p>
   </div>
   <div class='ocr_carea' id='block_1_2' title="bbox 492 479 2657 669">
    <p class='ocr_par' dir='ltr' id='par_1_2' title="bbox 492 479 2657 669">
     <span class='ocr_line' id='line_1_2' title="bbox 494 479 2657 564; baseline -0.002 -18"><span class='ocrx_word' id='word_1_2' title='bbox 494 481 907 564; x_wconf 70' lang='lat' dir='ltr'>separatione</span> <span class='ocrx_word' id='word_1_3' title='bbox 959 479 1025 544; x_wconf 90' lang='lat' dir='ltr'><strong>id</strong></span> <span class='ocrx_word' id='word_1_4' title='bbox 1079 500 1338 562; x_wconf 91' lang='lat' dir='ltr'><strong>quoque</strong></span> <span class='ocrx_word' id='word_1_5' title='bbox 1391 500 1887 563; x_wconf 78' lang='lat' dir='ltr'><strong>consequemur,</strong></span> <span class='ocrx_word' id='word_1_6' title='bbox 1948 486 2025 543; x_wconf 90' lang='lat' dir='ltr'><strong>ut</strong></span> <span class='ocrx_word' id='word_1_7' title='bbox 2089 479 2287 543; x_wconf 89' lang='lat' dir='ltr'><strong>unius</strong></span> <span class='ocrx_word' id='word_1_8' title='bbox 2342 479 2657 561; x_wconf 86' lang='lat' dir='ltr'><strong>cuiusque</strong></span> 
     </span>
     <span class='ocr_line' id='line_1_3' title="bbox 492 582 1760 669; baseline -0.002 -21"><span class='ocrx_word' id='word_1_9' title='bbox 492 585 931 669; x_wconf 74' lang='lat' dir='ltr'><strong>proprietates</strong></span> <span class='ocrx_word' id='word_1_10' title='bbox 977 582 1214 647; x_wconf 87' lang='lat' dir='ltr'><strong>melius</strong></span> <span class='ocrx_word' id='word_1_11' title='bbox 1260 593 1760 666; x_wconf 75' lang='lat' dir='ltr'><strong>cognoscantur.</strong></span> 
     </span>
    </p>
   </div>
   <div class='ocr_carea' id='block_1_3' title="bbox 491 771 2659 4284">
    <p class='ocr_par' dir='ltr' id='par_1_3' title="bbox 664 771 2487 864">
     <span class='ocr_line' id='line_1_4' title="bbox 664 771 2487 864; baseline -0.003 -26"><span class='ocrx_word' id='word_1_12' title='bbox 664 772 706 856; x_wconf 64' lang='grc' dir='ltr'><strong>,ξ</strong></span> <span class='ocrx_word' id='word_1_13' title='bbox 750 771 810 838; x_wconf 90' lang='grc'><strong>3.</strong></span> <span class='ocrx_word' id='word_1_14' title='bbox 903 773 1019 837; x_wconf 91' lang='lat' dir='ltr'><strong>De</strong></span> <span class='ocrx_word' id='word_1_15' title='bbox 1075 793 1223 836; x_wconf 90' lang='lat' dir='ltr'><strong>usu</strong></span> <span class='ocrx_word' id='word_1_16' title='bbox 1278 771 1720 836; x_wconf 80' lang='lat' dir='ltr'><strong>infinitivi</strong></span> <span class='ocrx_word' id='word_1_17' title='bbox 1767 792 1807 833; x_wconf 83' lang='lat' dir='ltr'><strong>a</strong></span> <span class='ocrx_word' id='word_1_18' title='bbox 1850 771 2008 851; x_wconf 80' lang='grc' dir='ltr'><em>πρίν</em></span> <span class='ocrx_word' id='word_1_19' title='bbox 2066 771 2487 864; x_wconf 82' lang='lat' dir='ltr'><strong>particula</strong></span> 
     </span>
    </p>

    <p class='ocr_par' dir='ltr' id='par_1_4' title="bbox 1058 874 2107 959">
     <span class='ocr_line' id='line_1_5' title="bbox 1058 874 2107 959; baseline 0 -20"><span class='ocrx_word' id='word_1_20' title='bbox 1058 875 1500 958; x_wconf 88' lang='lat' dir='ltr'><strong>pendentis</strong></span> <span class='ocrx_word' id='word_1_21' title='bbox 1549 874 2107 959; x_wconf 72' lang='lat' dir='ltr'><strong>Thucydideo,</strong></span> 
     </span>
    </p>

    <p class='ocr_par' dir='ltr' id='par_1_5' title="bbox 492 993 2659 3354">
     <span class='ocr_line' id='line_1_6' title="bbox 672 993 2659 1080; baseline -0.002 -21"><span class='ocrx_word' id='word_1_22' title='bbox 672 996 769 1060; x_wconf 83' lang='lat' dir='ltr'><strong>Ae</strong></span> <span class='ocrx_word' id='word_1_23' title='bbox 824 996 1112 1079; x_wconf 87' lang='lat' dir='ltr'><strong>primum</strong></span> <span class='ocrx_word' id='word_1_24' title='bbox 1174 996 1439 1080; x_wconf 89' lang='lat' dir='ltr'><strong>quidem</strong></span> <span class='ocrx_word' id='word_1_25' title='bbox 1506 996 1842 1060; x_wconf 89' lang='lat' dir='ltr'><strong>sententia</strong></span> <span class='ocrx_word' id='word_1_26' title='bbox 1908 995 2224 1079; x_wconf 85' lang='lat' dir='ltr'><strong>primaria</strong></span> <span class='ocrx_word' id='word_1_27' title='bbox 2278 993 2659 1059; x_wconf 76' lang='lat' dir='ltr'><strong>continetur</strong></span> 
     </span>
     <span class='ocr_line' id='line_1_7' title="bbox 496 1098 2658 1183; baseline -0.001 -21"><span class='ocrx_word' id='word_1_28' title='bbox 496 1106 790 1181; x_wconf 83' lang='lat' dir='ltr'><strong>tempore</strong></span> <span class='ocrx_word' id='word_1_29' title='bbox 864 1100 1243 1183; x_wconf 87' lang='lat' dir='ltr'><strong>praeterite,</strong></span> <span class='ocrx_word' id='word_1_30' title='bbox 1319 1109 1437 1164; x_wconf 86' lang='lat' dir='ltr'><strong>aut</strong></span> <span class='ocrx_word' id='word_1_31' title='bbox 1509 1099 1778 1176; x_wconf 80' lang='lat' dir='ltr'><strong>aoristO,</strong></span> <span class='ocrx_word' id='word_1_32' title='bbox 1868 1110 1985 1165; x_wconf 86' lang='lat' dir='ltr'><strong>aut</strong></span> <span class='ocrx_word' id='word_1_33' title='bbox 2057 1098 2468 1183; x_wconf 81' lang='lat' dir='ltr'><strong>imperfecte,</strong></span> <span class='ocrx_word' id='word_1_34' title='bbox 2542 1106 2658 1161; x_wconf 84' lang='lat' dir='ltr'><strong>aut</strong></span> 
     </span>
     <span class='ocr_line' id='line_1_8' title="bbox 497 1199 2658 1286; baseline -0 -22"><span class='ocrx_word' id='word_1_35' title='bbox 497 1211 837 1283; x_wconf 80' lang='lat' dir='ltr'><strong>praesente</strong></span> <span class='ocrx_word' id='word_1_36' title='bbox 871 1202 1206 1268; x_wconf 78' lang='lat' dir='ltr'><strong>historice.</strong></span> <span class='ocrx_word' id='word_1_37' title='bbox 1287 1202 1693 1286; x_wconf 74' lang='lat' dir='ltr'><strong>Saepissime</strong></span> <span class='ocrx_word' id='word_1_38' title='bbox 1724 1203 2057 1268; x_wconf 81' lang='lat' dir='ltr'><strong>antecedit</strong></span> <span class='ocrx_word' id='word_1_39' title='bbox 2096 1201 2386 1285; x_wconf 81' lang='lat' dir='ltr'><strong>simplex</strong></span> <span class='ocrx_word' id='word_1_40' title='bbox 2425 1199 2658 1264; x_wconf 84' lang='lat' dir='ltr'><strong>aoristi</strong></span> 
     </span>
     <span class='ocr_line' id='line_1_9' title="bbox 495 1302 2656 1386; baseline -0 -19"><span class='ocrx_word' id='word_1_41' title='bbox 495 1303 896 1370; x_wconf 72' lang='lat' dir='ltr'><strong>indicativus</strong></span> <span class='ocrx_word' id='word_1_42' title='bbox 960 1306 1012 1383; x_wconf 87' lang='lat' dir='ltr'><strong>I,</strong></span> <span class='ocrx_word' id='word_1_43' title='bbox 1070 1303 1174 1381; x_wconf 88' lang='grc'><strong>39,</strong></span> <span class='ocrx_word' id='word_1_44' title='bbox 1232 1305 1299 1384; x_wconf 86' lang='grc'><strong>2;</strong></span> <span class='ocrx_word' id='word_1_45' title='bbox 1373 1306 1430 1383; x_wconf 91' lang='grc' dir='ltr'><strong>Ι,</strong></span> <span class='ocrx_word' id='word_1_46' title='bbox 1490 1304 1594 1385; x_wconf 87' lang='grc'><strong>68,</strong></span> <span class='ocrx_word' id='word_1_47' title='bbox 1641 1305 1680 1370; x_wconf 86' lang='lat'>2</span> <span class='ocrx_word' id='word_1_48' title='bbox 1699 1329 1714 1386; x_wconf 85' lang='lat'>3</span> <span class='ocrx_word' id='word_1_49' title='bbox 1789 1304 1920 1385; x_wconf 93' lang='grc' dir='ltr'>ΙΙΙ,</span> <span class='ocrx_word' id='word_1_50' title='bbox 1967 1304 2069 1384; x_wconf 83' lang='grc'><strong>24,</strong></span> <span class='ocrx_word' id='word_1_51' title='bbox 2116 1304 2190 1384; x_wconf 89' lang='grc'><strong>2;</strong></span> <span class='ocrx_word' id='word_1_52' title='bbox 2263 1305 2387 1383; x_wconf 91' lang='lat' dir='ltr'><strong>IV,</strong></span> <span class='ocrx_word' id='word_1_53' title='bbox 2433 1302 2538 1381; x_wconf 87' lang='lat'><strong>22,</strong></span> <span class='ocrx_word' id='word_1_54' title='bbox 2593 1302 2656 1381; x_wconf 91' lang='lat'><strong>1;</strong></span> 
     </span>
     <span class='ocr_line' id='line_1_10' title="bbox 494 1403 2655 1487; baseline 0 -17"><span class='ocrx_word' id='word_1_55' title='bbox 494 1407 616 1484; x_wconf 84' lang='lat' dir='ltr'><strong>IV,</strong></span> <span class='ocrx_word' id='word_1_56' title='bbox 666 1407 766 1485; x_wconf 94' lang='grc'><strong>70,</strong></span> <span class='ocrx_word' id='word_1_57' title='bbox 816 1405 884 1481; x_wconf 89' lang='grc'><strong>3;</strong></span> <span class='ocrx_word' id='word_1_58' title='bbox 947 1409 1069 1487; x_wconf 82' lang='lat' dir='ltr'><strong>lv,</strong></span> <span class='ocrx_word' id='word_1_59' title='bbox 1116 1405 1220 1486; x_wconf 92' lang='grc'><strong>83,</strong></span> <span class='ocrx_word' id='word_1_60' title='bbox 1266 1406 1336 1487; x_wconf 86' lang='grc'><strong>3;</strong></span> <span class='ocrx_word' id='word_1_61' title='bbox 1403 1408 1528 1486; x_wconf 87' lang='lat' dir='ltr'><strong>IV,</strong></span> <span class='ocrx_word' id='word_1_62' title='bbox 1582 1406 1723 1486; x_wconf 85' lang='lat'><strong>125,</strong></span> <span class='ocrx_word' id='word_1_63' title='bbox 1771 1405 1842 1487; x_wconf 90' lang='lat'><strong>3;</strong></span> <span class='ocrx_word' id='word_1_64' title='bbox 1912 1408 2036 1485; x_wconf 88' lang='lat' dir='ltr'><strong>IV,</strong></span> <span class='ocrx_word' id='word_1_65' title='bbox 2089 1404 2238 1487; x_wconf 80' lang='lat'><strong>1353</strong></span> <span class='ocrx_word' id='word_1_66' title='bbox 2301 1408 2387 1485; x_wconf 87' lang='lat' dir='ltr'><strong>V,</strong></span> <span class='ocrx_word' id='word_1_67' title='bbox 2434 1403 2538 1484; x_wconf 87' lang='grc'><strong>38,</strong></span> <span class='ocrx_word' id='word_1_68' title='bbox 2584 1405 2655 1484; x_wconf 88' lang='grc'><strong>2;</strong></span> 
     </span>
     <span class='ocr_line' id='line_1_11' title="bbox 494 1508 2654 1589; baseline 0 -17"><span class='ocrx_word' id='word_1_69' title='bbox 494 1511 578 1589; x_wconf 91' lang='lat' dir='ltr'><strong>V,</strong></span> <span class='ocrx_word' id='word_1_70' title='bbox 623 1510 729 1589; x_wconf 85' lang='grc'><strong>84,</strong></span> <span class='ocrx_word' id='word_1_71' title='bbox 775 1511 843 1589; x_wconf 79' lang='grc'><strong>4;</strong></span> <span class='ocrx_word' id='word_1_72' title='bbox 896 1513 1014 1589; x_wconf 92' lang='lat' dir='ltr'><strong>VI,</strong></span> <span class='ocrx_word' id='word_1_73' title='bbox 1062 1510 1163 1587; x_wconf 86' lang='lat'><strong>61,</strong></span> <span class='ocrx_word' id='word_1_74' title='bbox 1203 1512 1258 1576; x_wconf 90' lang='grc'><strong>1.</strong></span> <span class='ocrx_word' id='word_1_75' title='bbox 1333 1510 1617 1577; x_wconf 88' lang='lat' dir='ltr'><strong>Duobus</strong></span> <span class='ocrx_word' id='word_1_76' title='bbox 1646 1512 1810 1577; x_wconf 92' lang='grc'>10018</span> <span class='ocrx_word' id='word_1_77' title='bbox 1855 1511 1981 1588; x_wconf 89' lang='lat' dir='ltr'><strong>IV,</strong></span> <span class='ocrx_word' id='word_1_78' title='bbox 2019 1510 2159 1589; x_wconf 91' lang='grc'>101,</span> <span class='ocrx_word' id='word_1_79' title='bbox 2191 1508 2230 1577; x_wconf 89' lang='grc'><strong>3</strong></span> <span class='ocrx_word' id='word_1_80' title='bbox 2262 1519 2334 1575; x_wconf 85' lang='grc'><strong>01</strong></span> <span class='ocrx_word' id='word_1_81' title='bbox 2362 1511 2446 1587; x_wconf 93' lang='lat' dir='ltr'><strong>V,</strong></span> <span class='ocrx_word' id='word_1_82' title='bbox 2478 1508 2582 1585; x_wconf 97' lang='grc'><strong>45,</strong></span> <span class='ocrx_word' id='word_1_83' title='bbox 2616 1508 2654 1572; x_wconf 92' lang='grc'>4</span> 
     </span>
     <span class='ocr_line' id='line_1_12' title="bbox 493 1611 2657 1696; baseline -0.001 -18"><span class='ocrx_word' id='word_1_84' title='bbox 493 1615 873 1679; x_wconf 86' lang='lat' dir='ltr'><strong>infinitivus</strong></span> <span class='ocrx_word' id='word_1_85' title='bbox 934 1636 1084 1679; x_wconf 86' lang='lat' dir='ltr'><strong>cum</strong></span> <span class='ocrx_word' id='word_1_86' title='bbox 1129 1616 1251 1696; x_wconf 62' lang='grc' dir='ltr'><em>νηυίν</em></span> <span class='ocrx_word' id='word_1_87' title='bbox 1305 1615 1633 1696; x_wconf 84' lang='lat' dir='ltr'><strong>particula</strong></span> <span class='ocrx_word' id='word_1_88' title='bbox 1685 1614 1955 1679; x_wconf 89' lang='lat' dir='ltr'><strong>iunctus</strong></span> <span class='ocrx_word' id='word_1_89' title='bbox 2000 1612 2384 1678; x_wconf 79' lang='lat' dir='ltr'><strong>referendus</strong></span> <span class='ocrx_word' id='word_1_90' title='bbox 2429 1622 2533 1677; x_wconf 87' lang='lat' dir='ltr'><strong>est</strong></span> <span class='ocrx_word' id='word_1_91' title='bbox 2574 1611 2657 1676; x_wconf 86' lang='lat' dir='ltr'><strong>ad</strong></span> 
     </span>
     <span class='ocr_line' id='line_1_13' title="bbox 494 1715 2658 1801; baseline 0 -21"><span class='ocrx_word' id='word_1_92' title='bbox 494 1718 727 1781; x_wconf 82' lang='lat' dir='ltr'><strong>aoristi</strong></span> <span class='ocrx_word' id='word_1_93' title='bbox 795 1717 1235 1800; x_wconf 84' lang='lat' dir='ltr'><strong>participium.</strong></span> <span class='ocrx_word' id='word_1_94' title='bbox 1351 1717 1459 1781; x_wconf 86' lang='lat' dir='ltr'><strong>Ad</strong></span> <span class='ocrx_word' id='word_1_95' title='bbox 1526 1717 1850 1781; x_wconf 88' lang='lat' dir='ltr'><strong>aoristum</strong></span> <span class='ocrx_word' id='word_1_96' title='bbox 1917 1738 2122 1801; x_wconf 87' lang='lat' dir='ltr'><strong>prope</strong></span> <span class='ocrx_word' id='word_1_97' title='bbox 2176 1716 2431 1782; x_wconf 88' lang='lat' dir='ltr'><strong>aceedit</strong></span> <span class='ocrx_word' id='word_1_98' title='bbox 2487 1715 2658 1782; x_wconf 90' lang='lat' dir='ltr'><strong>illud</strong></span> 
     </span>
     <span class='ocr_line' id='line_1_14' title="bbox 496 1819 2654 1905; baseline 0.001 -22"><span class='ocrx_word' id='word_1_99' title='bbox 496 1820 979 1903; x_wconf 83' lang='lat' dir='ltr'><strong>imperfectum,</strong></span> <span class='ocrx_word' id='word_1_100' title='bbox 1055 1819 1230 1902; x_wconf 89' lang='lat' dir='ltr'><strong>quod</strong></span> <span class='ocrx_word' id='word_1_101' title='bbox 1297 1843 1497 1886; x_wconf 89' lang='lat' dir='ltr'><strong>sensu</strong></span> <span class='ocrx_word' id='word_1_102' title='bbox 1570 1821 1804 1886; x_wconf 85' lang='lat' dir='ltr'><strong>aoristi</strong></span> <span class='ocrx_word' id='word_1_103' title='bbox 1869 1827 2229 1905; x_wconf 85' lang='lat' dir='ltr'><strong>usurpatur</strong></span> <span class='ocrx_word' id='word_1_104' title='bbox 2294 1821 2365 1885; x_wconf 91' lang='lat' dir='ltr'><strong>in</strong></span> <span class='ocrx_word' id='word_1_105' title='bbox 2433 1819 2654 1886; x_wconf 89' lang='lat' dir='ltr'><strong>verbis</strong></span> 
     </span>
     <span class='ocr_line' id='line_1_15' title="bbox 496 1921 2655 2009; baseline -0.002 -21"><span class='ocrx_word' id='word_1_106' title='bbox 496 1924 957 2008; x_wconf 84' lang='lat' dir='ltr'><strong>proficiscendi</strong></span> <span class='ocrx_word' id='word_1_107' title='bbox 1033 1924 1142 2001; x_wconf 83' lang='lat' dir='ltr'><strong>(cf.</strong></span> <span class='ocrx_word' id='word_1_108' title='bbox 1210 1925 1336 2003; x_wconf 92' lang='lat' dir='ltr'><strong>IV,</strong></span> <span class='ocrx_word' id='word_1_109' title='bbox 1405 1923 1506 2001; x_wconf 84' lang='lat'><strong>78,</strong></span> <span class='ocrx_word' id='word_1_110' title='bbox 1580 1929 1615 1986; x_wconf 85' lang='lat'>5</span> <span class='ocrx_word' id='word_1_111' title='bbox 1691 1924 1924 2009; x_wconf 75' lang='grc' dir='ltr'>ἐχώρει,</span> <span class='ocrx_word' id='word_1_112' title='bbox 1991 1924 2076 2001; x_wconf 89' lang='lat' dir='ltr'><strong>V,</strong></span> <span class='ocrx_word' id='word_1_113' title='bbox 2145 1922 2249 2000; x_wconf 87' lang='grc'>65,</span> <span class='ocrx_word' id='word_1_114' title='bbox 2317 1921 2356 1990; x_wconf 92' lang='grc'><strong>3</strong></span> <span class='ocrx_word' id='word_1_115' title='bbox 2424 1924 2655 2005; x_wconf 72' lang='grc' dir='ltr'>ἀπῆγεν,</span> 
     </span>
     <span class='ocr_line' id='line_1_16' title="bbox 495 2025 2655 2111; baseline 0 -21"><span class='ocrx_word' id='word_1_116' title='bbox 495 2027 691 2104; x_wconf 88' lang='lat' dir='ltr'><strong>VIII,</strong></span> <span class='ocrx_word' id='word_1_117' title='bbox 744 2025 846 2105; x_wconf 79' lang='grc'><strong>42,</strong></span> <span class='ocrx_word' id='word_1_118' title='bbox 887 2027 911 2091; x_wconf 89' lang='grc'><strong>1</strong></span> <span class='ocrx_word' id='word_1_119' title='bbox 966 2026 1211 2099; x_wconf 81' lang='grc' dir='ltr'>ἐπέπλει,</span> <span class='ocrx_word' id='word_1_120' title='bbox 1257 2038 1325 2093; x_wconf 82' lang='lat' dir='ltr'><strong>et</strong></span> <span class='ocrx_word' id='word_1_121' title='bbox 1369 2028 1630 2093; x_wconf 81' lang='lat' dir='ltr'><strong>(licendi</strong></span> <span class='ocrx_word' id='word_1_122' title='bbox 1675 2029 1769 2108; x_wconf 90' lang='grc' dir='ltr'><strong>ΙΙ,</strong></span> <span class='ocrx_word' id='word_1_123' title='bbox 1823 2025 1920 2106; x_wconf 90' lang='grc'><strong>13,</strong></span> <span class='ocrx_word' id='word_1_124' title='bbox 1978 2028 1995 2090; x_wconf 88' lang='lat' dir='ltr'><strong>l</strong></span> <span class='ocrx_word' id='word_1_125' title='bbox 2053 2028 2433 2111; x_wconf 76' lang='grc' dir='ltr'><strong><em>προηγόρευε.</em></strong></span> <span class='ocrx_word' id='word_1_126' title='bbox 2522 2026 2655 2092; x_wconf 76' lang='lat' dir='ltr'><strong>Sed</strong></span> 
     </span>
     <span class='ocr_line' id='line_1_17' title="bbox 495 2129 2653 2216; baseline 0 -22"><span class='ocrx_word' id='word_1_127' title='bbox 495 2130 693 2194; x_wconf 85' lang='lat' dir='ltr'><strong>etiam</strong></span> <span class='ocrx_word' id='word_1_128' title='bbox 742 2130 1130 2213; x_wconf 82' lang='lat' dir='ltr'><strong>imperfecta</strong></span> <span class='ocrx_word' id='word_1_129' title='bbox 1173 2133 1442 2216; x_wconf 84' lang='lat' dir='ltr'><strong>propria</strong></span> <span class='ocrx_word' id='word_1_130' title='bbox 1485 2131 1663 2196; x_wconf 86' lang='lat' dir='ltr'><strong>haud</strong></span> <span class='ocrx_word' id='word_1_131' title='bbox 1708 2153 1858 2196; x_wconf 87' lang='lat' dir='ltr'><strong>raro</strong></span> <span class='ocrx_word' id='word_1_132' title='bbox 1904 2141 2263 2196; x_wconf 87' lang='lat' dir='ltr'><strong>occurrunt</strong></span> <span class='ocrx_word' id='word_1_133' title='bbox 2304 2130 2396 2207; x_wconf 91' lang='lat' dir='ltr'><strong>II,</strong></span> <span class='ocrx_word' id='word_1_134' title='bbox 2444 2129 2547 2207; x_wconf 84' lang='lat'><strong>56,</strong></span> <span class='ocrx_word' id='word_1_135' title='bbox 2592 2131 2653 2209; x_wconf 86' lang='lat'><strong>1;</strong></span> 
     </span>
     <span class='ocr_line' id='line_1_18' title="bbox 493 2232 2655 2315; baseline 0 -18"><span class='ocrx_word' id='word_1_136' title='bbox 493 2233 616 2312; x_wconf 89' lang='lat' dir='ltr'><strong>VI,</strong></span> <span class='ocrx_word' id='word_1_137' title='bbox 665 2232 767 2312; x_wconf 85' lang='lat'><strong>97,</strong></span> <span class='ocrx_word' id='word_1_138' title='bbox 817 2234 883 2314; x_wconf 82' lang='lat'><strong>33</strong></span> <span class='ocrx_word' id='word_1_139' title='bbox 945 2235 1140 2315; x_wconf 89' lang='lat' dir='ltr'><strong>VIII,</strong></span> <span class='ocrx_word' id='word_1_140' title='bbox 1187 2235 1290 2315; x_wconf 87' lang='grc'><strong>45,</strong></span> <span class='ocrx_word' id='word_1_141' title='bbox 1345 2237 1396 2301; x_wconf 87' lang='grc'><strong>1.</strong></span> <span class='ocrx_word' id='word_1_142' title='bbox 1493 2236 1651 2301; x_wconf 89' lang='grc' dir='ltr'><strong>Νο11</strong></span> <span class='ocrx_word' id='word_1_143' title='bbox 1722 2235 1944 2301; x_wconf 87' lang='lat' dir='ltr'><strong>minus&#39;</strong></span> <span class='ocrx_word' id='word_1_144' title='bbox 2020 2234 2249 2300; x_wconf 84' lang='lat' dir='ltr'><strong>creber</strong></span> <span class='ocrx_word' id='word_1_145' title='bbox 2320 2242 2424 2300; x_wconf 84' lang='lat' dir='ltr'><strong>est</strong></span> <span class='ocrx_word' id='word_1_146' title='bbox 2500 2256 2655 2299; x_wconf 88' lang='lat' dir='ltr'><strong>usus</strong></span> 
     </span>
     <span class='ocr_line' id='line_1_19' title="bbox 495 2336 2652 2422; baseline 0 -21"><span class='ocrx_word' id='word_1_147' title='bbox 495 2339 866 2422; x_wconf 83' lang='lat' dir='ltr'><strong>praesentis</strong></span> <span class='ocrx_word' id='word_1_148' title='bbox 932 2339 1263 2419; x_wconf 83' lang='lat' dir='ltr'><strong>historici3</strong></span> <span class='ocrx_word' id='word_1_149' title='bbox 1340 2341 1418 2404; x_wconf 87' lang='lat' dir='ltr'><strong>cf.</strong></span> <span class='ocrx_word' id='word_1_150' title='bbox 1481 2340 1575 2417; x_wconf 92' lang='grc' dir='ltr'><strong>ΙΙ,</strong></span> <span class='ocrx_word' id='word_1_151' title='bbox 1639 2338 1736 2417; x_wconf 87' lang='grc'><strong>12,</strong></span> <span class='ocrx_word' id='word_1_152' title='bbox 1783 2338 1853 2416; x_wconf 87' lang='grc'><strong>2;</strong></span> <span class='ocrx_word' id='word_1_153' title='bbox 1926 2340 2020 2416; x_wconf 93' lang='grc' dir='ltr'><strong>ΙΙ,</strong></span> <span class='ocrx_word' id='word_1_154' title='bbox 2084 2336 2187 2417; x_wconf 91' lang='grc'><strong>67,</strong></span> <span class='ocrx_word' id='word_1_155' title='bbox 2234 2337 2306 2415; x_wconf 85' lang='grc'><strong>3;</strong></span> <span class='ocrx_word' id='word_1_156' title='bbox 2380 2340 2474 2416; x_wconf 91' lang='grc' dir='ltr'><strong>ΙΙ,</strong></span> <span class='ocrx_word' id='word_1_157' title='bbox 2536 2336 2652 2417; x_wconf 87' lang='grc'><strong>82;</strong></span> 
     </span>
     <span class='ocr_line' id='line_1_20' title="bbox 499 2439 2656 2528; baseline 0.001 -24"><span class='ocrx_word' id='word_1_158' title='bbox 499 2442 615 2520; x_wconf 91' lang='lat' dir='ltr'><strong>VI,</strong></span> <span class='ocrx_word' id='word_1_159' title='bbox 683 2441 742 2520; x_wconf 83' lang='grc'><strong>4,</strong></span> <span class='ocrx_word' id='word_1_160' title='bbox 804 2439 862 2508; x_wconf 90' lang='lat'><strong>3.</strong></span> <span class='ocrx_word' id='word_1_161' title='bbox 954 2443 1102 2510; x_wconf 92' lang='lat' dir='ltr'><strong>Hoc</strong></span> <span class='ocrx_word' id='word_1_162' title='bbox 1163 2442 1307 2509; x_wconf 93' lang='grc'>1000</span> <span class='ocrx_word' id='word_1_163' title='bbox 1376 2444 1579 2508; x_wconf 88' lang='lat' dir='ltr'><strong>etiam</strong></span> <span class='ocrx_word' id='word_1_164' title='bbox 1644 2443 2030 2528; x_wconf 82' lang='lat' dir='ltr'><strong>imperfecta</strong></span> <span class='ocrx_word' id='word_1_165' title='bbox 2107 2442 2211 2509; x_wconf 90' lang='lat' dir='ltr'><strong>vel</strong></span> <span class='ocrx_word' id='word_1_166' title='bbox 2280 2443 2656 2527; x_wconf 83' lang='lat' dir='ltr'><strong>praesentia</strong></span> 
     </span>
     <span class='ocr_line' id='line_1_21' title="bbox 492 2544 2653 2627; baseline 0.001 -18"><span class='ocrx_word' id='word_1_167' title='bbox 492 2546 807 2611; x_wconf 84' lang='lat' dir='ltr'><strong>iterativa</strong></span> <span class='ocrx_word' id='word_1_168' title='bbox 849 2546 1253 2611; x_wconf 85' lang='lat' dir='ltr'><strong>nominanda</strong></span> <span class='ocrx_word' id='word_1_169' title='bbox 1297 2554 1458 2612; x_wconf 87' lang='lat' dir='ltr'><strong>sunt</strong></span> <span class='ocrx_word' id='word_1_170' title='bbox 1500 2547 1625 2624; x_wconf 90' lang='lat' dir='ltr'><strong>IV,</strong></span> <span class='ocrx_word' id='word_1_171' title='bbox 1680 2546 1776 2625; x_wconf 88' lang='grc'><strong>14,</strong></span> <span class='ocrx_word' id='word_1_172' title='bbox 1815 2546 1882 2625; x_wconf 86' lang='grc'><strong>1;</strong></span> <span class='ocrx_word' id='word_1_173' title='bbox 1927 2547 2050 2626; x_wconf 85' lang='lat' dir='ltr'><strong>IV,</strong></span> <span class='ocrx_word' id='word_1_174' title='bbox 2095 2545 2197 2625; x_wconf 91' lang='lat'><strong>67,</strong></span> <span class='ocrx_word' id='word_1_175' title='bbox 2229 2545 2301 2627; x_wconf 86' lang='grc'><strong>4;</strong></span> <span class='ocrx_word' id='word_1_176' title='bbox 2347 2547 2432 2625; x_wconf 93' lang='lat' dir='ltr'><strong>V,</strong></span> <span class='ocrx_word' id='word_1_177' title='bbox 2479 2544 2581 2625; x_wconf 89' lang='grc'><strong>60,</strong></span> <span class='ocrx_word' id='word_1_178' title='bbox 2614 2549 2653 2611; x_wconf 99' lang='grc'>5</span> 
     </span>
     <span class='ocr_line' id='line_1_22' title="bbox 492 2649 2655 2733; baseline -0.001 -20"><span class='ocrx_word' id='word_1_179' title='bbox 492 2657 561 2713; x_wconf 86' lang='grc'><strong>01</strong></span> <span class='ocrx_word' id='word_1_180' title='bbox 603 2650 659 2727; x_wconf 92' lang='grc' dir='ltr'><strong>Ι,</strong></span> <span class='ocrx_word' id='word_1_181' title='bbox 705 2649 811 2727; x_wconf 87' lang='grc'><strong>39,</strong></span> <span class='ocrx_word' id='word_1_182' title='bbox 865 2649 919 2726; x_wconf 92' lang='grc'><strong>1,</strong></span> <span class='ocrx_word' id='word_1_183' title='bbox 966 2672 1248 2733; x_wconf 85' lang='lat' dir='ltr'><strong>querum</strong></span> <span class='ocrx_word' id='word_1_184' title='bbox 1303 2652 1371 2716; x_wconf 92' lang='lat' dir='ltr'><strong>in</strong></span> <span class='ocrx_word' id='word_1_185' title='bbox 1421 2651 1661 2715; x_wconf 91' lang='lat' dir='ltr'><strong>ultimo</strong></span> <span class='ocrx_word' id='word_1_186' title='bbox 1706 2651 1851 2715; x_wconf 94' lang='grc'>1000</span> <span class='ocrx_word' id='word_1_187' title='bbox 1897 2651 1995 2710; x_wconf 79' lang='grc' dir='ltr'><strong>τὸν</strong></span> <span class='ocrx_word' id='word_1_188' title='bbox 2038 2651 2162 2733; x_wconf 75' lang='grc' dir='ltr'><em>πρὶν</em></span> <span class='ocrx_word' id='word_1_189' title='bbox 2206 2651 2655 2730; x_wconf 73' lang='grc' dir='ltr'><em>διαγωνίζεσθαι</em></span> 
     </span>
     <span class='ocr_line' id='line_1_23' title="bbox 493 2753 2653 2839; baseline 0.002 -28"><span class='ocrx_word' id='word_1_190' title='bbox 493 2754 847 2813; x_wconf 77' lang='grc' dir='ltr'><em>καθιστάντα</em></span> <span class='ocrx_word' id='word_1_191' title='bbox 888 2755 1313 2838; x_wconf 86' lang='lat' dir='ltr'><strong>participium</strong></span> <span class='ocrx_word' id='word_1_192' title='bbox 1358 2754 1728 2839; x_wconf 85' lang='lat' dir='ltr'><strong>praesentis</strong></span> <span class='ocrx_word' id='word_1_193' title='bbox 1774 2775 1924 2818; x_wconf 90' lang='lat' dir='ltr'><strong>eum</strong></span> <span class='ocrx_word' id='word_1_194' title='bbox 1960 2753 2241 2819; x_wconf 86' lang='lat' dir='ltr'><strong>articulo</strong></span> <span class='ocrx_word' id='word_1_195' title='bbox 2274 2754 2653 2837; x_wconf 85' lang='lat' dir='ltr'><strong>copulatum</strong></span> 
     </span>
     <span class='ocr_line' id='line_1_24' title="bbox 493 2855 2653 2934; baseline 0 -15"><span class='ocrx_word' id='word_1_196' title='bbox 493 2856 832 2920; x_wconf 89' lang='lat' dir='ltr'><strong>notionem</strong></span> <span class='ocrx_word' id='word_1_197' title='bbox 864 2855 1067 2922; x_wconf 86' lang='lat' dir='ltr'><strong>habet</strong></span> <span class='ocrx_word' id='word_1_198' title='bbox 1096 2858 1501 2924; x_wconf 88' lang='lat' dir='ltr'><strong>iterativam.</strong></span> <span class='ocrx_word' id='word_1_199' title='bbox 1571 2858 1701 2922; x_wconf 78' lang='lat' dir='ltr'><strong>His</strong></span> <span class='ocrx_word' id='word_1_200' title='bbox 1733 2857 2071 2923; x_wconf 86' lang='lat' dir='ltr'><strong>addendus</strong></span> <span class='ocrx_word' id='word_1_201' title='bbox 2102 2867 2207 2921; x_wconf 91' lang='lat' dir='ltr'><strong>est</strong></span> <span class='ocrx_word' id='word_1_202' title='bbox 2245 2878 2416 2921; x_wconf 92' lang='lat' dir='ltr'><strong>unus</strong></span> <span class='ocrx_word' id='word_1_203' title='bbox 2448 2858 2653 2934; x_wconf 90' lang='grc'>10008,</span> 
     </span>
     <span class='ocr_line' id='line_1_25' title="bbox 495 2957 2655 3044; baseline 0.003 -22"><span class='ocrx_word' id='word_1_204' title='bbox 495 2958 606 3022; x_wconf 89' lang='lat' dir='ltr'><strong>ubi</strong></span> <span class='ocrx_word' id='word_1_205' title='bbox 663 2980 977 3042; x_wconf 86' lang='lat' dir='ltr'><strong>praesens</strong></span> <span class='ocrx_word' id='word_1_206' title='bbox 1034 2961 1379 3044; x_wconf 88' lang='lat' dir='ltr'><strong>proprium</strong></span> <span class='ocrx_word' id='word_1_207' title='bbox 1431 2968 1656 3024; x_wconf 82' lang='lat' dir='ltr'><strong>exstat</strong></span> <span class='ocrx_word' id='word_1_208' title='bbox 1700 2959 1822 3037; x_wconf 80' lang='lat' dir='ltr'><strong>IV,</strong></span> <span class='ocrx_word' id='word_1_209' title='bbox 1881 2957 1984 3036; x_wconf 89' lang='grc'><strong>20,</strong></span> <span class='ocrx_word' id='word_1_210' title='bbox 2038 2959 2061 3022; x_wconf 90' lang='grc'><strong>1</strong></span> <span class='ocrx_word' id='word_1_211' title='bbox 2137 2959 2289 3040; x_wconf 76' lang='grc' dir='ltr'><em>(ἡμῖν</em></span> <span class='ocrx_word' id='word_1_212' title='bbox 2332 2957 2403 3019; x_wconf 85' lang='grc' dir='ltr'><strong>δὲ</strong></span> <span class='ocrx_word' id='word_1_213' title='bbox 2446 2960 2655 3030; x_wconf 73' lang='grc' dir='ltr'><em>καλῶς,</em></span> 
     </span>
     <span class='ocr_line' id='line_1_26' title="bbox 496 3057 2653 3145; baseline 0.001 -25"><span class='ocrx_word' id='word_1_214' title='bbox 496 3059 655 3143; x_wconf 81' lang='grc' dir='ltr'><em>εἴπερ</em></span> <span class='ocrx_word' id='word_1_215' title='bbox 700 3059 862 3132; x_wconf 87' lang='grc' dir='ltr'>ποτέ,</span> <span class='ocrx_word' id='word_1_216' title='bbox 910 3057 1035 3145; x_wconf 79' lang='grc' dir='ltr'><em>ἔχει</em></span> <span class='ocrx_word' id='word_1_217' title='bbox 1078 3062 1499 3145; x_wconf 79' lang='grc' dir='ltr'><em>ἀμφοτέροις-ἡ</em></span> <span class='ocrx_word' id='word_1_218' title='bbox 1530 3061 1867 3143; x_wconf 78' lang='grc' dir='ltr'><em>ξυναλλαγὴ,</em></span> <span class='ocrx_word' id='word_1_219' title='bbox 1912 3063 2036 3144; x_wconf 84' lang='grc' dir='ltr'><em>πρίν</em></span> <span class='ocrx_word' id='word_1_220' title='bbox 2066 3084 2118 3123; x_wconf 84' lang='grc' dir='ltr'><strong>τι</strong></span> <span class='ocrx_word' id='word_1_221' title='bbox 2147 3097 2235 3107; x_wconf 91' lang='lat'><em>-</em></span> <span class='ocrx_word' id='word_1_222' title='bbox 2256 3061 2653 3141; x_wconf 80' lang='grc' dir='ltr'><em>καταλαβεῖν).</em></span> 
     </span>
     <span class='ocr_line' id='line_1_27' title="bbox 496 3162 2654 3249; baseline 0 -20"><span class='ocrx_word' id='word_1_223' title='bbox 496 3165 692 3229; x_wconf 88' lang='grc' dir='ltr'>Ν11110</span> <span class='ocrx_word' id='word_1_224' title='bbox 738 3162 975 3228; x_wconf 88' lang='lat' dir='ltr'><strong>horum</strong></span> <span class='ocrx_word' id='word_1_225' title='bbox 1022 3165 1320 3230; x_wconf 88' lang='lat' dir='ltr'><strong>locorum</strong></span> <span class='ocrx_word' id='word_1_226' title='bbox 1365 3166 1581 3249; x_wconf 87' lang='lat' dir='ltr'><strong>qualis</strong></span> <span class='ocrx_word' id='word_1_227' title='bbox 1628 3166 1718 3229; x_wconf 87' lang='lat' dir='ltr'><strong>sit</strong></span> <span class='ocrx_word' id='word_1_228' title='bbox 1761 3164 2019 3230; x_wconf 87' lang='lat' dir='ltr'><strong>indoles</strong></span> <span class='ocrx_word' id='word_1_229' title='bbox 2065 3186 2140 3230; x_wconf 88' lang='lat' dir='ltr'><strong>ae</strong></span> <span class='ocrx_word' id='word_1_230' title='bbox 2187 3172 2424 3230; x_wconf 86' lang='lat' dir='ltr'><strong>natura</strong></span> <span class='ocrx_word' id='word_1_231' title='bbox 2466 3186 2654 3231; x_wconf 87' lang='lat' dir='ltr'><strong>aecu-</strong></span> 
     </span>
     <span class='ocr_line' id='line_1_28' title="bbox 494 3251 1854 3354; baseline 0 -22"><span class='ocrx_word' id='word_1_232' title='bbox 494 3269 705 3333; x_wconf 86' lang='lat' dir='ltr'><strong>ratius</strong></span> <span class='ocrx_word' id='word_1_233' title='bbox 750 3269 1252 3354; x_wconf 82' lang='lat' dir='ltr'><strong>investigemus.</strong></span> <span class='ocrx_word' id='word_1_234' title='bbox 1839 3251 1854 3266; x_wconf 68' lang='grc'><em>’</em></span> 
     </span>
    </p>

    <p class='ocr_par' dir='ltr' id='par_1_6' title="bbox 491 3372 2655 4284">
     <span class='ocr_line' id='line_1_29' title="bbox 665 3372 2655 3457; baseline 0.001 -21"><span class='ocrx_word' id='word_1_235' title='bbox 665 3372 897 3437; x_wconf 85' lang='grc' dir='ltr'>Ρ111110</span> <span class='ocrx_word' id='word_1_236' title='bbox 954 3373 1100 3438; x_wconf 90' lang='grc'>1000</span> <span class='ocrx_word' id='word_1_237' title='bbox 1157 3374 1538 3438; x_wconf 87' lang='lat' dir='ltr'><strong>infinitivus</strong></span> <span class='ocrx_word' id='word_1_238' title='bbox 1592 3395 1631 3437; x_wconf 87' lang='lat' dir='ltr'><strong>a</strong></span> <span class='ocrx_word' id='word_1_239' title='bbox 1673 3373 1999 3457; x_wconf 84' lang='lat' dir='ltr'><strong>particula</strong></span> <span class='ocrx_word' id='word_1_240' title='bbox 2042 3375 2165 3456; x_wconf 85' lang='grc' dir='ltr'><em>πρίν</em></span> <span class='ocrx_word' id='word_1_241' title='bbox 2211 3373 2505 3456; x_wconf 89' lang='lat' dir='ltr'><strong>pendens</strong></span> <span class='ocrx_word' id='word_1_242' title='bbox 2572 3372 2655 3437; x_wconf 81' lang='lat' dir='ltr'><strong>ad</strong></span> 
     </span>
     <span class='ocr_line' id='line_1_30' title="bbox 494 3475 2654 3560; baseline 0.001 -22"><span class='ocrx_word' id='word_1_243' title='bbox 494 3483 755 3559; x_wconf 87' lang='lat' dir='ltr'><strong>tempus</strong></span> <span class='ocrx_word' id='word_1_244' title='bbox 801 3476 1081 3541; x_wconf 84' lang='lat' dir='ltr'><strong>aetionis</strong></span> <span class='ocrx_word' id='word_1_245' title='bbox 1128 3477 1481 3560; x_wconf 86' lang='lat' dir='ltr'><strong>primariae</strong></span> <span class='ocrx_word' id='word_1_246' title='bbox 1523 3475 2096 3541; x_wconf 82' lang='lat' dir='ltr'><strong>determinandum</strong></span> <span class='ocrx_word' id='word_1_247' title='bbox 2143 3484 2415 3560; x_wconf 80' lang='lat' dir='ltr'><strong>spectat.</strong></span> <span class='ocrx_word' id='word_1_248' title='bbox 2506 3477 2654 3541; x_wconf 89' lang='lat' dir='ltr'><strong>Hoc</strong></span> 
     </span>
     <span class='ocr_line' id='line_1_31' title="bbox 493 3577 2651 3664; baseline 0.001 -23"><span class='ocrx_word' id='word_1_249' title='bbox 493 3577 638 3642; x_wconf 88' lang='lat' dir='ltr'><strong>sine</strong></span> <span class='ocrx_word' id='word_1_250' title='bbox 683 3577 883 3643; x_wconf 90' lang='lat' dir='ltr'><strong>dubio</strong></span> <span class='ocrx_word' id='word_1_251' title='bbox 927 3600 1053 3644; x_wconf 90' lang='lat' dir='ltr'><strong>usu</strong></span> <span class='ocrx_word' id='word_1_252' title='bbox 1099 3580 1306 3657; x_wconf 89' lang='lat' dir='ltr'><strong>venit,</strong></span> <span class='ocrx_word' id='word_1_253' title='bbox 1374 3580 1431 3644; x_wconf 90' lang='lat' dir='ltr'><strong>si</strong></span> <span class='ocrx_word' id='word_1_254' title='bbox 1480 3580 1882 3645; x_wconf 77' lang='lat' dir='ltr'><strong>&#39;infinitivus</strong></span> <span class='ocrx_word' id='word_1_255' title='bbox 1948 3580 2267 3664; x_wconf 89' lang='lat' dir='ltr'><strong>temporis</strong></span> <span class='ocrx_word' id='word_1_256' title='bbox 2312 3580 2651 3645; x_wconf 88' lang='lat' dir='ltr'><strong>notionem</strong></span> 
     </span>
     <span class='ocr_line' id='line_1_32' title="bbox 494 3679 2652 3766; baseline -0 -22"><span class='ocrx_word' id='word_1_257' title='bbox 494 3679 695 3745; x_wconf 86' lang='lat' dir='ltr'><strong>habet</strong></span> <span class='ocrx_word' id='word_1_258' title='bbox 748 3682 910 3765; x_wconf 89' lang='lat' dir='ltr'><strong>ipse.</strong></span> <span class='ocrx_word' id='word_1_259' title='bbox 1012 3682 1309 3747; x_wconf 80' lang='lat' dir='ltr'><strong>Afferam</strong></span> <span class='ocrx_word' id='word_1_260' title='bbox 1365 3683 1490 3762; x_wconf 83' lang='lat' dir='ltr'><strong>IV,</strong></span> <span class='ocrx_word' id='word_1_261' title='bbox 1536 3682 1640 3762; x_wconf 87' lang='lat'><strong>67,</strong></span> <span class='ocrx_word' id='word_1_262' title='bbox 1686 3682 1754 3747; x_wconf 81' lang='lat'><strong>4:</strong></span> <span class='ocrx_word' id='word_1_263' title='bbox 1802 3684 1925 3766; x_wconf 78' lang='grc' dir='ltr'><em>πρὶν</em></span> <span class='ocrx_word' id='word_1_264' title='bbox 1970 3682 2191 3765; x_wconf 79' lang='grc' dir='ltr'><em>ἡμέραν</em></span> <span class='ocrx_word' id='word_1_265' title='bbox 2237 3682 2380 3744; x_wconf 85' lang='grc' dir='ltr'><em>εἶναι</em></span> <span class='ocrx_word' id='word_1_266' title='bbox 2423 3682 2652 3766; x_wconf 77' lang='grc' dir='ltr'><em>ἐσῆγον.</em></span> 
     </span>
     <span class='ocr_line' id='line_1_33' title="bbox 491 3784 2655 3871; baseline 0.001 -22"><span class='ocrx_word' id='word_1_267' title='bbox 491 3786 674 3851; x_wconf 84' lang='lat' dir='ltr'><strong>Hace</strong></span> <span class='ocrx_word' id='word_1_268' title='bbox 720 3785 926 3851; x_wconf 80' lang='lat' dir='ltr'><strong>verba</strong></span> <span class='ocrx_word' id='word_1_269' title='bbox 968 3785 1139 3850; x_wconf 89' lang='lat' dir='ltr'><strong>nihil</strong></span> <span class='ocrx_word' id='word_1_270' title='bbox 1193 3786 1374 3851; x_wconf 86' lang='lat' dir='ltr'><strong>aliud</strong></span> <span class='ocrx_word' id='word_1_271' title='bbox 1418 3788 1800 3871; x_wconf 85' lang='lat' dir='ltr'><strong>significant</strong></span> <span class='ocrx_word' id='word_1_272' title='bbox 1843 3808 2067 3869; x_wconf 85' lang='lat' dir='ltr'><strong>quam:</strong></span> <span class='ocrx_word' id='word_1_273' title='bbox 2127 3784 2227 3868; x_wconf 81' lang='grc' dir='ltr'><strong>ἅμ’</strong></span> <span class='ocrx_word' id='word_1_274' title='bbox 2268 3786 2460 3870; x_wconf 79' lang='grc' dir='ltr'><em>ἡμέρᾳ</em></span> <span class='ocrx_word' id='word_1_275' title='bbox 2502 3788 2655 3865; x_wconf 89' lang='grc'>(11111</span> 
     </span>
     <span class='ocr_line' id='line_1_34' title="bbox 493 3887 2651 3974; baseline 0.001 -22"><span class='ocrx_word' id='word_1_276' title='bbox 493 3888 1032 3972; x_wconf 77' lang='lat' dir='ltr'><strong>Tagesanbrueh)</strong></span> <span class='ocrx_word' id='word_1_277' title='bbox 1064 3888 1292 3972; x_wconf 74' lang='grc' dir='ltr'><em>ἐσῆγον.</em></span> <span class='ocrx_word' id='word_1_278' title='bbox 1356 3887 1594 3955; x_wconf 80' lang='lat' dir='ltr'><strong>Simile</strong></span> <span class='ocrx_word' id='word_1_279' title='bbox 1625 3892 2005 3974; x_wconf 80' lang='lat' dir='ltr'><strong>exemplum</strong></span> <span class='ocrx_word' id='word_1_280' title='bbox 2032 3890 2322 3956; x_wconf 89' lang='lat' dir='ltr'><strong>occurrit</strong></span> <span class='ocrx_word' id='word_1_281' title='bbox 2344 3890 2468 3968; x_wconf 88' lang='lat' dir='ltr'><strong>IV,</strong></span> <span class='ocrx_word' id='word_1_282' title='bbox 2493 3889 2553 3966; x_wconf 91' lang='lat'><strong>2,</strong></span> <span class='ocrx_word' id='word_1_283' title='bbox 2587 3892 2607 3953; x_wconf 87' lang='lat'>1</span> <span class='ocrx_word' id='word_1_284' title='bbox 2638 3912 2651 3954; x_wconf 91' lang='lat'>:</span> 
     </span>
     <span class='ocr_line' id='line_1_35' title="bbox 493 3991 2652 4076; baseline 0.004 -27"><span class='ocrx_word' id='word_1_285' title='bbox 493 3993 615 4072; x_wconf 79' lang='grc' dir='ltr'><em>πρὶν</em></span> <span class='ocrx_word' id='word_1_286' title='bbox 676 3992 772 4050; x_wconf 80' lang='grc' dir='ltr'><strong>τὸν</strong></span> <span class='ocrx_word' id='word_1_287' title='bbox 839 3998 994 4052; x_wconf 82' lang='grc' dir='ltr'><em>σῖτον</em></span> <span class='ocrx_word' id='word_1_288' title='bbox 1060 3991 1122 4053; x_wconf 82' lang='grc' dir='ltr'><strong>ἐν</strong></span> <span class='ocrx_word' id='word_1_289' title='bbox 1188 3994 1343 4076; x_wconf 78' lang='grc' dir='ltr'><strong><em>ἀκμῇ</em></strong></span> <span class='ocrx_word' id='word_1_290' title='bbox 1412 3993 1555 4053; x_wconf 83' lang='grc' dir='ltr'><em>εἶναι</em></span> <span class='ocrx_word' id='word_1_291' title='bbox 1621 3993 1930 4072; x_wconf 79' lang='grc' dir='ltr'><em>εσέβαλυν.</em></span> <span class='ocrx_word' id='word_1_292' title='bbox 2031 3993 2365 4074; x_wconf 73' lang='lat' dir='ltr'><strong>Quoniam</strong></span> <span class='ocrx_word' id='word_1_293' title='bbox 2430 4000 2652 4057; x_wconf 82' lang='lat' dir='ltr'><strong>autem</strong></span> 
     </span>
     <span class='ocr_line' id='line_1_36' title="bbox 493 4093 2653 4181; baseline 0 -25"><span class='ocrx_word' id='word_1_294' title='bbox 493 4093 814 4159; x_wconf 86' lang='lat' dir='ltr'><strong>frumenti</strong></span> <span class='ocrx_word' id='word_1_295' title='bbox 857 4097 1211 4161; x_wconf 86' lang='lat' dir='ltr'><strong>maturitas</strong></span> <span class='ocrx_word' id='word_1_296' title='bbox 1257 4105 1437 4162; x_wconf 88' lang='lat' dir='ltr'><strong>certe</strong></span> <span class='ocrx_word' id='word_1_297' title='bbox 1484 4097 1643 4161; x_wconf 87' lang='lat' dir='ltr'><strong>anni</strong></span> <span class='ocrx_word' id='word_1_298' title='bbox 1689 4104 1986 4181; x_wconf 86' lang='lat' dir='ltr'><strong>tempore</strong></span> <span class='ocrx_word' id='word_1_299' title='bbox 2031 4096 2178 4160; x_wconf 87' lang='lat' dir='ltr'><strong>fieri</strong></span> <span class='ocrx_word' id='word_1_300' title='bbox 2207 4096 2396 4173; x_wconf 89' lang='lat' dir='ltr'><strong>solet,</strong></span> <span class='ocrx_word' id='word_1_301' title='bbox 2444 4115 2653 4157; x_wconf 89' lang='lat' dir='ltr'><strong>enun-</strong></span> 
     </span>
     <span class='ocr_line' id='line_1_37' title="bbox 497 4196 2650 4284; baseline 0.006 -25"><span class='ocrx_word' id='word_1_302' title='bbox 497 4196 733 4261; x_wconf 87' lang='lat' dir='ltr'><strong>tiatum</strong></span> <span class='ocrx_word' id='word_1_303' title='bbox 797 4197 984 4263; x_wconf 76' lang='lat' dir='ltr'><strong>illud·</strong></span> <span class='ocrx_word' id='word_1_304' title='bbox 1041 4220 1292 4266; x_wconf 83' lang='lat' dir='ltr'><strong>mera-m</strong></span> <span class='ocrx_word' id='word_1_305' title='bbox 1363 4201 1706 4266; x_wconf 89' lang='lat' dir='ltr'><strong>notionem</strong></span> <span class='ocrx_word' id='word_1_306' title='bbox 1771 4199 2204 4284; x_wconf 83' lang='lat' dir='ltr'><strong>temporalem</strong></span> <span class='ocrx_word' id='word_1_307' title='bbox 2247 4196 2650 4277; x_wconf 72' lang='lat' dir='ltr'><strong>aequiparat,</strong></span> 
     </span>
    </p>
   </div>
  </div>
 </body>
</html>
