3088 4580
2522 273 2605 336 55

448 467 585 549 Κυρ.
629 466 778 526 παιὸ.
824 464 983 541 VII,
1037 463 1091 540 1,
1150 461 1276 540 17);
1322 483 1456 525 uno
1490 461 1634 525 loco
1681 461 2021 543 optativus
2068 461 2300 526 aoristi
2342 458 2490 526 cum
2538 459 2606 520 ἄν

444 567 773 634 antecedit
817 569 998 627 Οἶκον.
1035 565 1132 643 12,
1183 564 1210 628 1
1265 562 1421 639 (ἐπεὶ
1463 562 1571 622 οὐκ
1613 561 1680 622 ἂν
1726 562 2048 645 ἀπέλθοιμι,
2093 564 2215 645 πρὶν
2260 564 2607 626 παντάπασιν

441 674 475 756 ἢ
541 671 732 754 ἀγορὰ
803 667 1013 754 λυθῇ),
1093 667 1297 732 semel
1373 665 1656 733 verbum
1722 665 1993 749 petendi
2067 665 2298 726 δεῖσθαι
2361 664 2475 727 Ἀν.
2548 669 2604 741 Ι,

446 776 502 855 1,
554 774 633 841 10
676 775 888 852 (δεῖται
937 772 1017 854 μὴ
1063 770 1319 854 πρόσθεν
1374 771 1711 840 καταλῦσαι,
1769 770 1891 851 πρὶν
1936 767 2004 828 ἂν
2058 768 2604 852 συμβουλεύσηται),

445 878 650 943 semel
696 875 976 941 verbum
1021 879 1230 958 χρῆναι
1288 872 1394 935 ’Am
1439 873 1525 951 V,
1584 872 1643 951 7,
1702 875 1763 938 5.
1856 872 2093 939 Sexies
2138 875 2309 939 ratio
2354 874 2607 957 periodi

447 989 551 1045 est
594 980 928 1057 iterativa,
986 978 1084 1043 ita
1127 985 1203 1042 ut
1248 986 1508 1061 tempus
1555 997 1867 1060 praesens
1913 985 2194 1054 anteeat,
2258 977 2607 1060 quinquies

447 1082 850 1148 indicativus
895 1079 1070 1159 (EM.
1114 1080 1238 1159 VI,
1285 1077 1344 1159 3,
1399 1077 1504 1159 16;
1542 1076 1774 1161 Ἀπομν.
1805 1080 1926 1155 IV,
1962 1078 2020 1157 2,
2055 1079 2167 1158 253
2209 1077 2358 1162 ([ερ.
2403 1079 2461 1158 6,
2503 1078 2577 1145 13
2592 1104 2607 1160 ;

451 1186 652 1268 Κυνηγ.
698 1183 758 1262 3,
806 1183 844 1250 6
891 1191 958 1248 et
1003 1185 1063 1260 5,
1111 1182 1198 1262 2),
1246 1182 1448 1248 semel
1493 1183 1922 1267 participium
1970 1182 2140 1265 (Κυρ.
2172 1183 2321 1242 παιδ.
2352 1184 2407 1261 Ι,
2441 1184 2499 1261 2,
2532 1182 2605 1250 8;

449 1291 660 1372 ὁρῶσιν
704 1287 773 1348 οὐ
813 1287 1071 1370 πρόσθεν
1111 1287 1395 1365 ἀπιόντας,
1441 1287 1566 1369 πρὶν
1597 1285 1675 1346 4ὀὶν
1716 1286 1958 1367 ἀφῶσι).
2033 1286 2160 1349 His
2192 1286 2355 1351 locis
2399 1289 2608 1351 omni-

449 1394 570 1458 bus
616 1394 826 1458 oratio
872 1400 975 1457 est
1018 1401 1218 1458 recta.
1310 1391 1799 1457 Coniunctivus
1844 1391 2050 1475 igitur
2092 1400 2243 1474 post
2287 1395 2409 1474 πρίν
2456 1414 2610 1457 con-

446 1497 851 1562 iunctionem
878 1495 1248 1560 adhibetur.
1268 1495 1511 1558 -Iam
1535 1501 1900 1577 sequantur
1923 1501 2072 1559 octo
2096 1495 2417 1577 exempla,
2444 1517 2609 1578 quae

451 1600 770 1663 orationis
829 1598 1135 1679 obliquae
1201 1596 1415 1660 forma
1467 1604 1773 1674 utuntur,
1832 1618 2109 1679 quorum
2171 1596 2300 1661 duo
2345 1606 2606 1662 tautum

454 1699 955 1766 coniunctivum
1040 1707 1482 1764 servaverunt
1552 1687 1723 1782 (Κυρ.
1791 1700 1943 1759 παιὸ.
2008 1700 2102 1777 ΙΙ,
2178 1699 2235 1778 2,
2311 1698 2380 1765 8:
2458 1701 2610 1762 εἷπον

449 1802 676 1886 μηδένα
719 1805 831 1861 τῶν
877 1800 1113 1861 ὄπισθεν
1143 1802 1440 1873 κινεῖσθαι,
1486 1803 1610 1884 πρὶν
1655 1801 1723 1861 ἂν
1758 1803 1791 1861 ὁ
1822 1801 2077 1884 πρόσθεν
2107 1804 2305 1884 ἡγῆται
2333 1812 2401 1868 et
2428 1805 2612 1886 Σομπ.

454 1908 644 1988 φιλοσ.
667 1904 727 1984 4,
753 1902 892 1985 28);
940 1913 1159 1969 cetera
1202 1926 1319 1969 sex
1353 1913 1494 1970 tota
1522 1903 1779 1988 periodi
1809 1913 2147 1970 structura
2176 1907 2248 1970 in
2293 1909 2609 1973 orationis

456 2009 757 2092 obliquae
790 2009 1070 2073 formam
1106 2007 1374 2073 redacta
1416 2009 1489 2071 in
1531 2008 1907 2091 optativum
1954 2008 2363 2074 transierunt
2393 2008 2525 2086 (Ἀν.
2555 2012 2609 2089 Ι,

454 2112 515 2191 2,
547 2112 616 2192 2;
650 2112 805 2173 εΕλλ.
835 2113 928 2190 ΙΙ,
961 2109 1020 2189 3,
1052 2109 1137 2177 48
1183 2110 1372 2191 [bis];
1422 2111 1514 2188 ῙΙ,
1548 2110 1608 2190 4,
1648 2107 1751 2190 183
1794 2111 1918 2189 VI,
1950 2112 2009 2186 5,
2048 2110 2154 2190 19;
2203 2112 2341 2194 Κυρ.
2372 2114 2523 2173 παιδ.
2555 2115 2610 2191 Ι,

454 2217 515 2297 4,
564 2217 694 2294 14).
787 2216 1121 2298 Quattuor
1165 2217 1330 2280 locis
1374 2223 1557 2281 totus
1603 2215 1962 2282 verborum
2008 2215 2325 2280 circuitus
2371 2216 2614 2300 pendet

458 2342 497 2384 a
559 2320 785 2387 verbis
854 2320 1133 2397 dicendi,
1213 2321 1307 2385 ita
1372 2328 1449 2385 ut
1512 2321 1894 2387 infinitivus
1957 2320 2307 2404 negatione
2367 2321 2447 2402 μή
2513 2322 2614 2385 in-

458 2432 752 2490 structus
810 2432 1123 2505 sequatur
1177 2432 1245 2488 et
1297 2424 1412 2488 ille
1472 2423 1738 2506 quidem
1796 2433 1899 2488 ter
1950 2424 2338 2507 praesentis,
2410 2426 2612 2488 semel

457 2536 608 2613 post
673 2517 952 2595 verbum
1018 2528 1411 2611 ὑπισχνεῖσθαι
1474 2527 1705 2592 futuri.
1796 2527 2078 2592 Duobus
2147 2528 2383 2592 ceteris
2450 2528 2611 2592 locis

455 2632 786 2697 antecedit
828 2632 1209 2698 infinitivus
1242 2653 1393 2696 cum
1439 2629 1506 2690 ἄν
1536 2631 1867 2714 particula
1896 2632 2289 2696 coniunctus
2320 2630 2613 2713 pendens

456 2758 495 2801 a
536 2736 742 2803 verbo
789 2734 980 2817 οἴομαι
1017 2732 1169 2795 Ἕλλ.
1209 2736 1302 2812 ΙΙ,
1349 2732 1410 2812 3,
1457 2732 1561 2813 48,
1607 2735 1725 2799 ubi
1769 2735 1959 2800 brevi
2004 2735 2217 2819 spatio
2264 2735 2613 2799 interiecto

459 2838 587 2902 duo
634 2839 1119 2902 coniunctionis
1166 2840 1287 2918 πρίν
1317 2838 1626 2920 exempla
1655 2846 1943 2915 exstant,
1991 2859 2271 2920 quorum
2317 2840 2502 2921 prius
2533 2838 2614 2901 ad

459 2939 875 3005 infinitivum
946 2939 1314 3020 praesentis
1389 2938 1548 3011 εἶναι,
1637 2940 1967 3023 posterius
2045 2940 2125 3004 ad
2198 2936 2612 3006 infinitivum

460 3040 690 3106 aoristi
737 3038 1083 3121 ἐγγενέσθαι
1142 3048 1414 3123 spectat.
1462 3077 1548 3086 —-
1592 3041 2046 3106 Memorabilis
2096 3065 2253 3108 vcro
2299 3053 2401 3107 cst
2441 3065 2612 3108 unus

463 3144 844 3210 Anabaseos
890 3143 1074 3207 locus
1104 3143 1264 3220 VII,
1299 3142 1358 3222 7,
1392 3142 1493 3208 57.
1584 3145 1667 3208 In
1714 3145 1982 3227 optimis
2031 3145 2365 3209 codicibus
2411 3145 2616 3209 verba

461 3249 556 3313 sic
619 3248 965 3331 leguntur:
1040 3246 1473 3329 προσελθόντες
1534 3246 1605 3306 δὲ
1672 3246 1831 3328 αὐτῷ
1896 3249 1953 3306 οἱ
2028 3246 2332 3329 ἐπιτήδειοι
2403 3248 2463 3308 ἐν
2530 3255 2612 3329 τῷ

462 3349 843 3433 στρατοπέδῳ
888 3347 1125 3409 ἐδέοντο
1150 3350 1229 3432 μὴ
1261 3350 1548 3421 ἀπελθεῖν,
1592 3350 1715 3432 πρὶν
1760 3349 1827 3408 ἂν
1858 3350 2124 3434 ἀπαγάγῃ
2170 3352 2235 3433 τὸ
2266 3352 2615 3433 ’στράτευμα

462 3454 557 3514 καὶ
608 3453 855 3535 Θίβρωνι
908 3454 1214 3536 παραδοίη.
1302 3453 1585 3518 Minime
1640 3454 1969 3517 assentior
2016 3451 2441 3531 Sckenkelio,
2502 3455 2612 3536 qui

465 3556 680 3622 deleto
720 3557 838 3621 illo
869 3555 938 3617 ἄν
979 3559 1264 3641 priorem
1311 3557 1809 3621 coniunctivum
1851 3557 1923 3620 in
1954 3558 2326 3639 optativum
2357 3565 2614 3621 mutare

366 3667 371 3672 ’
416 3671 419 3684 “
462 3661 632 3727 vult.
742 3660 1167 3726 Probabilius
1256 3668 1358 3726 est
1434 3660 1952 3743 Xenophontem
2032 3661 2373 3742 scripsisse
2462 3681 2614 3725 con-

461 3764 837 3831 iunctivum
893 3765 1158 3847 παραδῷ.
1238 3750 1509 3830 Similis
1569 3762 1946 3845 corruptela
1998 3763 2069 3825 in
2124 3763 2254 3825 alio
2297 3762 2615 3826 'Helleni-

463 3888 689 3932 corum
711 3868 857 3933 loco
882 3869 1091 3933 latere
1115 3867 1396 3932 videtur.
1455 3866 1740 3948 Legitur
1766 3865 1940 3929 enim
1967 3865 2059 3941 ΙΙ,
2086 3864 2145 3943 4,
2180 3863 2284 3929 18;
2323 3865 2553 3947 καὶγὰρ
2580 3865 2615 3922 ὁ

458 3970 659 4052 μάντις
697 3971 1087 4053 παρήγγελλεν
1133 3970 1329 4036 αὐτοῖς
1364 3969 1443 4051 μὴ
1474 3969 1756 4050 πρότερον
1801 3967 2177 4039 ἐπιτίθεσθαι,
2222 3970 2345 4048 πρὶν
2390 3966 2457 4027 ἂν
2502 3971 2615 4027 τῶν

465 4071 772 4154 σφετέρων
816 4071 850 4154 ἢ
902 4071 1069 4132 πέσοι
1118 4095 1203 4138 τις
1242 4071 1275 4153 ἢ
1329 4071 1605 4153 τρωθείη.
1691 4070 1893 4136 Hunc
1947 4071 2167 4135 locum
2227 4070 2443 4134 critici
2500 4077 2615 4132 aut

464 4176 560 4242 ita
613 4175 960 4242 emendare
1014 4176 1432 4254 studuerunt,
1502 4180 1579 4239 ut
1644 4172 1861 4239 deleto
1923 4173 2042 4237 illo
2111 4171 2180 4231 ἄν
2243 4171 2614 4254 optativum
