3088 4580
2589 285 2629 352 9

472 495 714 556 gyrum
780 473 1268 557 compellamus.
1373 474 1766 539 Infinitivus
1834 495 1985 539 cum
2044 476 2167 556 πρίν
2197 456 2202 461 ’
2233 476 2629 541 coniunctus

472 574 670 657 apud
704 574 1261 659 Thucydidem
1294 584 1373 641 et
1405 576 2040 661 Xenophontem
2074 599 2269 661 quam
2302 580 2628 644 rationem

472 679 712 744 habeat
764 699 840 744 ac
898 679 1223 761 quomodo
1279 689 1657 763 usurpetur,
1713 682 2189 764 perquiramus.
2283 680 2630 747 Gramma-

472 784 761 848 ticorum
806 783 1247 846 recentiorum
1294 783 1374 847 de
1433 783 1557 847 hac
1600 804 1673 846 re
1724 793 2074 867 praecepta
2125 785 2360 850 afferre
2406 807 2632 869 supcr-

472 907 832 952 vacaneum
878 906 1021 950 esse
1065 894 1247 969 pute,
1295 907 1459 968 quae
1504 906 1702 969 quam
1734 887 1871 951 sint
1902 887 2124 951 futilia
2151 895 2348 970 atque
2379 888 2631 953 incerta

472 999 540 1056 et
605 991 860 1054 Prause
883 989 924 1064 ¹)
989 997 1058 1053 et
1122 988 1413 1065 Lueth2)
1481 989 1730 1074 optime
1795 990 1926 1054 iam
1983 991 2630 1057 demonstraverunt.

472 1093 648 1158 Mihi
721 1091 987 1175 quidem
1070 1091 1142 1156 in
1216 1101 1554 1158 structura
1638 1093 1961 1158 infinitivi
2044 1093 2482 1178 intelligenda
2565 1094 2631 1160 id

473 1196 802 1280 imprimis
860 1194 1222 1261 tenendum
1281 1195 1567 1274 videtur,
1636 1196 1717 1262 de
1782 1197 2198 1280 qualitate
2262 1198 2631 1263 actionis

472 1299 1013 1365 secundariae
1058 1299 1382 1365 nullum
1413 1300 1606 1365 fieri
1637 1300 2064 1378 iudicium,
2112 1322 2312 1384 quae
2358 1310 2630 1366 utrum

471 1404 591 1467 sit
648 1424 839 1467 vera
894 1424 995 1468 an
1058 1404 1471 1487 cogitata,
1540 1403 1637 1468 ad
1683 1404 2086 1469 rationem
2155 1405 2632 1475 sententiae

471 1498 920 1590 primariae
986 1506 1204 1571 nihil
1274 1506 1516 1571 valet.
1622 1506 2194 1591 Distinguendum
2249 1516 2472 1572 autem
2530 1517 2634 1572 est

470 1610 648 1675 inter
693 1631 805 1674 eos
850 1610 1246 1688 infinitivoS‚
1308 1610 1421 1692 qui
1467 1610 1649 1673 omni
1695 1617 2068 1693 temporum
2113 1611 2372 1675 ratione
2416 1609 2632 1676 orbati

472 1712 554 1777 ad
608 1723 871 1796 tempus
929 1712 1145 1776 solum
1201 1712 1572 1777 sententiae
1639 1712 1989 1795 primariae
2057 1713 2630 1779 determinandum

474 1822 795 1899 spectant,
865 1821 933 1879 et
999 1836 1109 1880 eos
1177 1816 1290 1897 qui
1358 1824 1538 1880 certo
1604 1837 1722 1900 per
1787 1838 1857 1881 se
1933 1825 2230 1900 tempore
2303 1825 2629 1884 constant.

473 1919 774 1984 Eandem
800 1919 1294 1984 distinctionem
1319 1918 1639 1984 Foerster
1669 1920 1739 1983 in
1764 1921 1988 1985 animo
2010 1920 2322 1985 habuisse
2350 1920 2631 1999 videtur,

473 2046 678 2107 quum
737 2023 1003 2099 dicit:³)
1064 2022 1213 2100 ,His
1266 2021 1345 2087 de
1402 2023 1485 2087 iis
1531 2023 1716 2101 locis,
1773 2022 1886 2088 ubi
1933 2026 2055 2105 πρίν
2100 2046 2249 2088 cuni
2295 2024 2634 2090 infinitivo

472 2127 953 2193 enuntiationis
999 2125 1349 2210 pendentis
1394 2147 1549 2209 pars
1585 2134 1715 2225 est,
1762 2127 2085 2210 expositis
2116 2149 2226 2192 eos
2271 2127 2631 2212 aggrediar,

473 2234 543 2297 in
612 2230 851 2315 quibus
919 2231 1042 2313 πρίν
1103 2249 1248 2294 cum
1315 2230 1658 2295 infinitivo
1726 2239 1987 2315 tempus
2042 2231 2325 2297 actionis
2383 2253 2503 2315 per
2564 2253 2633 2297 se

473 2334 841 2404 constantis
886 2332 1202 2398 describit
1244 2355 1320 2398 ac
1363 2332 1641 2398 definit!

644 2437 997 2521 Exemplis
1087 2436 1308 2502 allatis
1396 2437 1751 2502 discrimen
1839 2439 2098 2504 facilius
2165 2440 2629 2524 perspicietur.

473 2542 789 2625 Legimus
848 2541 1053 2606 Thuc.
1112 2541 1234 2619 VI,
1294 2539 1397 2619 6¹,
1477 2541 1535 2603 l:
1605 2542 1767 2623 οἵπερ
1832 2543 1928 2601 καὶ
1995 2544 2117 2624 πμέν
2177 2542 2395 2603 ἐκπλεῖν
2460 2542 2633 2603 αὐτὸν

473 2644 832 2720 ἐπέθεντοἈ)
942 2644 1124 2709 Illud
1194 2646 1316 2727 πρὶν
1379 2643 1601 2705 ἐκπλεῖν
1657 2643 1829 2704 αὐτόν
1899 2646 2068 2709 nihil
2138 2644 2317 2710 aliud
2382 2645 2633 2712 indicat

474 2749 603 2813 nisi
670 2748 990 2832 temporis
1064 2748 1382 2831 spatium,
1458 2769 1588 2830 quo
1662 2747 2192 2813 adversariorum
2267 2750 2632 2814 calumniae

474 2851 740 2916 fiebant.
853 2851 1245 2917 Infinitivus
1310 2858 1571 2915 tantum
1643 2851 1859 2929 abest,
1934 2861 2011 2916 ut
2073 2852 2417 2936 periodum
2484 2874 2634 2917 cum

476 2954 821 3018 enuntiato
893 2953 1209 3037 primario
1282 2952 1547 3017 efficere
1635 2955 1903 3037 possit,·
1952 2961 2031 3018 ut
2102 2953 2468 3019 membrum
2546 2956 2635 3020 sit

477 3058 846 3121 sententiae
889 3055 1201 3139 regentis,
1294 3055 1583 3138 Propius
1629 3057 1712 3121 ad
1766 3056 2272 3122 similitudinem
2328 3058 2631 3142 gerundii

476 3160 668 3226 lat-ini
714 3158 984 3225 accedit.
1076 3159 1433 3223 Vertemus
1479 3158 1688 3243 igitur
1745 3159 1922 3223 hune
1966 3159 2184 3225 locum
2229 3159 2353 3225 hoc
2410 3161 2630 3226 modo:

476 3263 592 3345 qui
634 3263 838 3327 etiam
891 3270 1046 3327 auto
1093 3262 1652 3346 proficiscendum
1697 3262 1757 3326 ei
1801 3262 2099 3328 insidiati
2149 3272 2356 3330 erant..
2451 3264 2631 3345 Quin

477 3366 679 3431 etiam
710 3366 890 3431 omni
921 3367 1249 3431 enuntiati
1283 3367 1576 3450 regentis
1618 3366 1961 3431 dominatu
1991 3366 2310 3432 liberatus
2341 3390 2415 3433 ac
2436 3370 2632 3452 'quasi

477 3469 820 3534 absolutus
886 3470 1265 3535 infinitivus
1325 3472 1615 3536 occurrit
1674 3492 1807 3536 uno
1854 3470 2260 3555 Thucydidis
2312 3472 2456 3538 loco
2501 3474 2630 3551 ΙΙΙ,

468 3572 580 3651 64,
640 3570 708 3639 3;
768 3572 863 3655 τὴν
929 3576 1260 3635 τελευταίαν
1316 3576 1439 3656 vroh)
1504 3574 1992 3659 περιτειχίζεινθας
2053 3574 2357 3658 ηοόκλησιν
2404 3612 2478 3622 -
2529 3576 2636 3636 οὐκ

476 3675 790 3761 ἐδέχεσθε,
834 3677 903 3742 id
934 3685 1063 3742 est:
1108 3678 1412 3743 ultimam
1447 3686 1603 3744 ante
1633 3678 2070 3746 obsidendum
2102 3677 2630 3744 adhortationem

650 3865 691 3932 l)
728 3864 959 3932 Prause,
997 3864 1030 3917 l.
1066 3864 1100 3917 l.
1136 3880 1267 3933 pag.
1305 3864 1353 3917 6.

648 3952 692 4019 2)
728 3949 923 4019 Lueth,
959 3951 994 4004 1.
1030 3950 1065 4004 l.
1102 3966 1232 4019 pag.
1271 3950 1352 4004 13.

647 4038 693 4100 3)
730 4037 997 4093 Foerster
1030 4037 1087 4090 in
1121 4035 1310 4104 priore
1346 4034 1498 4088 Misc.
1536 4034 1695 4089 Vrat.
1732 4034 1918 4090 libello
1955 4052 2085 4105 pag.
2123 4036 2205 4089 17.

647 4122 693 4188 ⁴¹)
728 4123 791 4175 In
825 4122 965 4176 locis
990 4119 1372 4192 Thucydideis
1408 4121 1649 4175 citandis
1675 4126 1805 4177 utor
1830 4120 2168 4176 editionibus
2193 4122 2344 4173 Imm.
2369 4118 2633 4186 Bekkeri,

481 4207 747 4276 Classeni,
784 4206 996 4276 Stahlii,
1033 4208 1127 4279 qui
1162 4208 1217 4263 in
1252 4207 1739 4278 paragraphorum
1775 4207 2018 4262 numeris
2054 4204 2420 4261 consentiunt.
