3088 4580
469 229 555 298 30

471 420 804 503 exprimat
885 421 1302 504 maximeque
1376 443 1415 487 a
1488 430 1671 488 certa
1755 423 2074 507 temporis
2149 422 2635 506 significatione

472 523 844 589 abhorreat.
932 525 1115 608 Ergo
1162 515 1244 589 ad
1274 533 1582 591 naturam
1612 526 1975 610 particulae
2008 525 2189 590 hunc
2219 526 2637 591 infinitivum

471 626 890 710 aptissimum
959 649 1102 693 esse
1160 629 1493 695 existimo,
1588 628 2007 713 Simulatque
2065 637 2286 694 autem
2341 636 2636 713 potestas

471 731 596 811 τφίν
652 730 1017 814 particulae
1073 732 1341 815 propria
1396 733 1466 796 in
1513 733 1743 817 lingua
1796 734 2072 798 evanuit
2125 740 2322 815 atque
2367 733 2441 796 in
2484 753 2638 798 con-

471 833 834 899 iunctionis
889 836 1032 901 vim
1092 834 1275 912 abiit,
1334 835 1619 901 aliorum
1677 846 2052 920 temporum
2105 836 2432 901 infinitivi
2473 836 2639 900 irre-

471 937 718 1021 pebant
770 946 968 1021 atque
1021 937 1412 1024 gliscebant.
1505 940 1704 1023 Apud
1750 938 2211 1024 Thucydidem
2267 940 2637 1023 praesentis

471 1043 799 1108 infinitivi
853 1065 1012 1108 usus
1067 1043 1419 1108 admodum
1481 1065 1721 1127 parcus
1777 1052 1898 1123 est,
1956 1044 2235 1129 perfecti
2295 1044 2638 1109 infinitivo

470 1146 541 1208 is·
560 1144 758 1228 plane
787 1145 1132 1212 abstinuit.
1207 1145 1494 1211 Uberior
1524 1148 1658 1211 iam
1688 1148 1863 1231 apud
1895 1146 2414 1230 Xenophontem
2451 1168 2639 1230 prae·-

472 1248 682 1312 sentis
738 1248 1232 1313 infinitivorum
1285 1270 1473 1333 seges
1532 1249 1848 1317 effloruit.
1942 1249 2355 1332 Quamquam
2402 1269 2639 1314 caven-

473 1350 629 1415 dum
685 1359 806 1429 est,
864 1373 949 1416 ne
1005 1352 1333 1417 infinitivi
1390 1352 1544 1433 ἦκειν
1593 1351 1784 1435 (Ἕλλ.
1829 1353 1882 1431 Ι,
1930 1351 1989 1431 4,
2044 1351 2151 1425 10)
2196 1360 2264 1416 ct
2309 1350 2451 1412 εἶναι
2498 1350 2639 1429 (Ἀν.

472 1454 595 1532 IV,
665 1453 727 1533 6,
796 1452 907 1535 24;
975 1454 1060 1533 V,
1109 1453 1168 1534 6,
1235 1452 1350 1534 33;
1417 1456 1541 1534 VI,
1601 1458 1660 1534 5,
1737 1454 1800 1535 13
1867 1455 2007 1537 Κυρ.
2074 1455 2226 1515 παιδ.
2285 1455 2407 1531 VI,
2456 1451 2515 1532 3,
2566 1455 2638 1532 7;

474 1557 672 1637 VIII,
720 1555 782 1636 8,
828 1556 941 1638 25;
982 1555 1135 1618 Ἑλλ.
1178 1559 1265 1637 V,
1310 1558 1371 1636 4,
1418 1556 1533 1639 37;
1575 1556 1845 1643 Ἵππαρχ.
1889 1558 1950 1636 4,
1999 1558 2037 1623 7
2085 1558 2168 1624 cf.
2215 1557 2643 1641 Thucydidea

472 1662 595 1740 IV,
671 1661 733 1740 2,
814 1661 839 1726 1
922 1671 990 1728 et
1071 1662 1210 1740 125,
1285 1660 1359 1742 3)
1427 1663 1801 1747 praesentis
1868 1662 2230 1727 infinitivis
2299 1660 2638 1727 addamne.

473 1767 799 1831 Attamen
853 1775 957 1831 ter
1015 1774 1084 1831 et
1140 1766 1347 1832 vicies
1403 1766 1695 1832 occurrit
1738 1786 1961 1830 merus
2006 1764 2374 1849 praesentis
2418 1764 2643 1828 infini-

473 1869 684 1947 tivus3
717 1870 905 1934 cuius
935 1870 1149 1952 qualis
1174 1870 1266 1934 sit
1295 1870 1467 1935 ratio
1497 1868 1870 1934 accuratius
1895 1867 2401 1951 investigemus,
2432 1865 2643 1934 Recte

472 1972 605 2036 iam
670 1971 840 2038 God.
897 1973 1326 2038 Hermannus
1356 1978 1401 2051 ¹)
1448 1973 1625 2038 dixit
1687 1971 1955 2050 ,aoristo
2013 1970 2489 2053 perfectionem
2544 1967 2643 2032 rei

473 2074 773 2153 indicari,
834 2085 1182 2160 praesente
1242 2077 1531 2142 initium.
1623 2072 1741 2141 Sic
1799 2075 1922 2156 τψὶν
1979 2072 2375 2155 ἐμπφησθῆναι
2427 2071 2645 2159 prius-

474 2199 672 2260 quam
717 2180 1063 2257 exarserit,
1130 2181 1254 2262 σφὶν
1298 2178 1731 2261 ἐμπιμπρασθαι
1771 2178 2158 2261 priusquam
2210 2174 2640 2240 incendatur‘.

478 2278 700 2361 Quare
743 2282 1073 2366 imprimis
1118 2282 1294 2367 apud
1338 2280 1857 2366 Xenophontem
1914 2278 2254 2344 adhibitus
2307 2286 2411 2345 cst
2455 2300 2643 2363 prae-

475 2386 684 2450 sentis
728 2385 1131 2464 infinitivus,
1178 2387 1236 2451 si
1279 2387 1451 2452 actio
1499 2384 1687 2451 verbi
1732 2405 1868 2448 non
1912 2404 2046 2450 uno
2089 2383 2277 2464 quasi
2322 2381 2642 2465 temporis

473 2495 809 2553 momento
828 2487 1252 2568 absolvenda,
1277 2487 1522 2553 nedum
1539 2487 1863 2564 absoluta,
1886 2484 2001 2550 sed
2023 2484 2247 2569 potius
2266 2484 2513 2550 durans
2533 2482 2642 2548 vel

476 2591 696 2656 oricns
736 2601 1290 2677 repraesenta-tur.
1364 2593 1596 2657 Affero
1623 2591 1733 2652 Ἀν.
1769 2592 1825 2668 Ι,
1868 2588 1932 2666 8,
1971 2589 2080 2654 19;
2128 2590 2250 2671 πρὶν
2281 2589 2353 2649 δὲ
2383 2587 2643 2669 τόξευμα

476 2693 825 2765 ἐξικνεῖσθαι
890 2694 1236 2756 ἐκκλίνουσιν
1300 2696 1357 2755 οἱ
1419 2695 1727 2777 βάρβαροι
1787 2702 2166 2776 (antequam
2235 2694 2369 2758 tela
2433 2693 2516 2758 ad
2570 2716 2642 2757 se

475 2802 825 2885 pervenire
855 2801 1134 2886 possint,
1177 2800 1551 2875 inclinant).
1645 2796 1912 2864 Similia
1942 2796 2081 2879 Κυρ.
2126 2797 2276 2857 mei).
2307 2797 2400 2884 II,
2433 2795 2492 2875 4,
2527 2796 2641 2864 253

475 2904 606 2981 III,
667 2901 727 2980 3,
787 2903 899 2984 (503
966 2905 1130 2982 VII,
1193 2904 1246 2982 1,
1304 2901 1373 2982 4;
1438 2900 1592 2962 Ἓλλ.
1646 2902 1732 2979 V,
1791 2900 1850 2978 4,
1906 2898 2019 2980 47;
2088 2900 2168 2965 cf.
2217 2900 2647 2985 Thucydidea

475 3005 530 3083 Ι,
578 3004 682 3085 39,
730 3006 798 3087 2;
848 3006 950 3085 68,
996 3005 1066 3086 33
1115 3007 1204 3085 II,
1252 3005 1354 3084 67,
1401 3003 1475 3085 33
1523 3007 1654 3083 ΙΙΙ,
1701 3005 1804 3084 24,
1852 3004 1919 3085 2;
1965 3006 2050 3084 V,
2096 3004 2201 3084 84,
2251 3004 2310 3072 3.
2387 3006 2642 3072 Eodem

474 3111 669 3177 modo
715 3110 1148 3193 explicandus
1195 3110 1726 3175 cst-infinitivus
1769 3110 2138 3193 praesentis
2181 3110 2252 3174 in
2291 3111 2643 3176 sententiis

476 3216 835 3292 amauvis,
869 3215 1060 3280 vemt
1083 3214 1223 3296 Κυρ.
1252 3214 1406 3273 ma
1438 3214 1493 3291 1,
1529 3213 1588 3291 c,
1621 3211 1734 3292 393
1767 3214 1850 3290 v,
1891 3213 1944 3290 1,
1981 3210 2081 3291 12;
2116 3212 2198 3289 v,
2224 3211 2284 3291 2,
2311 3211 2388 3292 93
2414 3210 2644 3294 Ἀπομν.
2771 3193 2780 3203 ’

476 3323 532 3399 Ι,
578 3319 637 3398 2,
683 3318 796 3398 223
857 3315 1008 3400 Ἳερ.
1071 3317 1132 3394 4,
1194 3315 1254 3381 2.
1346 3316 1448 3383 Cf.
1520 3318 1698 3382 locos
1767 3314 2229 3399 Thucydideos
2287 3317 2343 3393 I,
2407 3313 2512 3395 39,
2576 3317 2644 3396 1;

477 3423 599 3501 IV,
652 3423 747 3500 14,
805 3423 864 3500 1;
908 3421 993 3498 V,
1043 3419 1145 3497 60,
1193 3419 1250 3483 6.
1326 3418 1843 3501 Nonnumquam
1887 3417 2064 3483 haud
2107 3419 2396 3484 multum
2428 3419 2638 3498 abest,

476 3527 637 3609 quin
693 3525 1075 3589 infinitivus
1141 3524 1209 3588 in
1272 3523 1614 3587 notionem
1681 3522 2063 3606 negativam
2132 3523 2495 3602 transierit,
2568 3531 2646 3587 ut

476 3637 781 3695 nostrum
826 3628 999 3693 ohne
1052 3649 1134 3691 zu
1191 3648 1339 3691 cum
1383 3625 1725 3690 infinitivo
1772 3625 2202 3691 coniunctum
2233 3625 2372 3691 fere
2416 3625 2643 3709 aequi-

478 3743 684 3818 paret.
785 3729 1238 3797 Memorabilis
1303 3736 1407 3793 cst
1469 3728 1655 3793 locus
1725 3728 1864 3812 Κυρ.
1932 3731 2082 3789 mu?-
2155 3729 2351 3807 VIII,
2408 3728 2469 3808 4,
2532 3726 2641 3793 11:

478 3835 546 3896 οὐ
577 3838 766 3917 κλῆσιν
795 3834 1090 3916 ἀνέμενεν,
1135 3832 1278 3894 ἀλλὰ
1308 3833 1431 3915 πρὶν
1460 3832 1767 3892 καλεῖσθαι
1796 3836 1996 3915 παρῆν,
2042 3833 2158 3896 ubi
2189 3833 2312 3915 πρὶν
2341 3831 2647 3891 καλεῖσθαι

484 3938 703 4004 verbis
791 3935 1333 4002 antecedentibus
1432 3934 1501 3994 οὐ
1588 3937 1822 4016 κλῆσιν,
1867 3933 2145 4016 ἀνέμενεν
2247 3933 2642 4017 explicatur.

653 4158 696 4230 l)
732 4155 825 4211 Ad
862 4156 1052 4226 Eurip.
1089 4154 1231 4209 Med.
1257 4155 1337 4241 ‘78
1372 4153 1525 4224 (edit.
1563 4153 1789 4222 Elmsl.).
