3088 4580
418 260 504 328 46

419 450 918 534 αφοφυλάξασθαί
969 474 1035 514 τε
1100 454 1196 512 καὶ
1262 453 1601 534 αἰσθόμενοι
1666 450 2017 523 ἐπεξελθεῖν.
2030 453 2073 530 ¹)
2162 453 2582 538 Thucydides

420 556 599 619 enim
659 557 1081 621 enuntiatum
1139 556 1472 640 posterius
1527 556 1693 636 ἡμεῖς
1732 554 1804 616 δὲ
1847 558 2035 625 κακοί,
2090 558 2213 639 σφὶν
2256 558 2373 617 κτλ.
2431 579 2584 623 0011-

420 658 791 741 scripturus
839 659 1159 724 memoria
1214 658 1484 724 tenebat
1538 657 1709 723 illud
1764 659 2158 724 antecedens
2204 659 2445 721 δέδοικα
2483 662 2583 742 μή,

421 763 527 825 0111
571 764 627 825 si
673 784 810 826 non
853 784 925 826 re
970 782 1147 840 vera,
1206 770 1275 827 at
1331 770 1508 827 certe
1564 762 1716 821 κατὰ
1770 761 1994 823 σύνεσιν
2039 765 2440 830 sententiam
2483 765 2584 828 in-

419 866 726 931 feriorem
774 864 1144 943 subiunxit,
1190 865 1289 929 ita
1331 872 1407 929 ut
1439 865 1542 929 vis
1575 866 1888 949 negativa
1932 873 2308 932 structurae
2343 868 2584 928 δέδοικα

415 968 496 1049 μή
553 969 757 1033 insita
827 989 1035 1051 usque
1093 966 1175 1031 ad
1265 968 1687 1034 enuntiatum
1764 990 1802 1032 a
1878 970 2000 1051 νηοίν
2062 967 2357 1053 pendens
2435 992 2584 1086 per-

423 1081 740 1136 maneret.
831 1072 1068 1155 Itaque
1111 1072 1305 1136 unice
1350 1092 1552 1136 verus
1596 1079 1701 1136 est
1746 1072 2209 1137 coniunctivus
2285 1070 2442 1155 ὦμεν
2514 1074 2587 1138 111

418 1175 764 1240 enuntiato
820 1197 860 1239 a
914 1176 1039 1257 vqoe'v
1094 1174 1432 1258 pendenti,
1502 1196 1669 1257 quae
1727 1175 1926 1240 lectio
1989 1177 2116 1240 iam
2175 1199 2214 1240 a
2268 1176 2583 1241 Bekkero

418 1279 556 1345 levi
612 1290 764 1362 post
808 1275 966 1360 ὦμεν
1024 1278 1564 1362 interpunctione
1618 1278 1835 1361 posita
1889 1280 2205 1344 restituta
2261 1288 2384 1345 est.
2475 1280 2583 1345 Ad

420 1402 651 1447 vocem
698 1384 880 1441 κακοί
911 1381 1354 1465 supplendum
1410 1390 1512 1446 est
1567 1382 1711 1447 sive
1756 1380 1954 1462 ἐσμέν,
2001 1383 2137 1446 sive
2184 1379 2361 1464 ὦμεν,
2418 1404 2583 1466 quac

419 1494 697 1567 utraque
757 1485 1013 1568 ellipsis
1058 1488 1182 1548 nec
1225 1505 1264 1547 a
1306 1484 1573 1569 linguae
1620 1483 1914 1549 Graecae
1958 1484 2278 1568 natura,²)
2337 1507 2458 1549 nec
2501 1486 2583 1549 ab

427 1612 552 1654 usu
599 1587 1028 1673 Thucydideo
1074 1587 1471 1664 abh0r1·et.³)

589 1693 779 1756 Inter
844 1691 1164 1758 tredecim
1234 1691 1353 1755 illa
1415 1689 1825 1773 Thucydidis
1895 1689 2200 1773 exempla
2264 1698 2584 1772 quattuor

418 1806 681 1860 tantum
736 1803 1111 1873 occurrunt,
1180 1816 1346 1877 quae
1400 1793 1699 1858 oratione
1743 1802 1924 1858 reeta
1987 1794 2414 1859 continentur
2457 1794 2580 1871 VI,

417 1895 520 1976 38,
569 1897 640 1977 23
704 1898 826 1975 VI,
888 1897 990 1976 71,
1048 1898 1120 1977 23
1180 1896 1378 1975 VIII,
1438 1895 1496 1973 9,
1564 1896 1588 1959 1
1655 1904 1724 1961 et
1768 1894 1828 1962 3.
1919 1898 2073 1963 Duo
2141 1897 2296 1962 libri
2363 1898 2581 1964 octavi

417 2002 725 2086 exempla
787 2001 1107 2067 exhibent
1169 2000 1373 2066 verba
1439 1999 1717 2084 optandi
1784 1999 1892 2077 (οὐ
1958 1999 2581 2083 προύθυμὴθησαν

418 2104 699 2188 ξυμπλεῖν,
753 2106 877 2188 πρὶν
945 2105 1017 2165 τὰ
1072 2101 1316 2187 Ἴσθμια
1369 2103 1790 2186 διεορτάσωσιν
1833 2113 1901 2169 et
1945 2103 2013 2164 οὐ
2075 2104 2438 2186 βουλόμενοι’
2492 2128 2581 2164 πω

417 2210 665 2294 πόλεμον
710 2205 884 2293 ἔχειν,
928 2210 1053 2292 πρίν
1099 2231 1150 2268 τι
1191 2209 1293 2268 καὶ
1330 2207 1566 2290 ἰσχυρὸν
1610 2206 1884 2285 λάβωσι).
1971 2206 2153 2271 Illud
2208 2229 2468 2290 quoque
2512 2206 2581 2266 οὐ

418 2315 658 2376 δυνατὸν
714 2313 875 2384 εἶναι,
921 2314 1098 2397 quod
1140 2314 1262 2390 VI,
1323 2312 1425 2389 71,
1483 2311 1524 2375 2
1580 2320 1822 2388 exstat,
1892 2311 2312 2376 manifestam
2378 2311 2581 2376 habet

415 2419 755 2484 notionem
829 2417 1061 2493 futuri,
1137 2437 1302 2498 quae
1378 2414 1503 2491 VI,
1578 2410 1681 2491 38,
1758 2412 1799 2477 2
1876 2420 2018 2478 toto
2093 2416 2577 2479 sententiarum

418 2543 674 2585 conexu
718 2521 1028 2587 efficitur.
1120 2519 1379 2584 Ceteris
1424 2517 1589 2581 locis
1637 2517 1848 2579 oratio
1896 2524 1998 2581 est
2046 2516 2341 2599 obliqua;
2411 2538 2578 2599 quae

416 2623 814 2705 simulatque
872 2625 946 2687 in
1006 2631 1257 2688 rectam
1311 2621 1722 2686 conformata
1776 2620 1922 2697 erit,
1982 2621 2287 2685 notiones
2361 2620 2575 2685 futuri

415 2726 958 2792 enucleabuntur.
1048 2727 1167 2791 Bis
1223 2747 1261 2788 a
1306 2725 1510 2791 verbo
1557 2721 1819 2788 dicendi
1863 2722 2109 2807 pendet
2152 2726 2572 2789 enuntiatum

417 2830 881 2895 coniunctione
956 2831 1041 2890 ὅτι
1112 2828 1478 2905 inductum,
1564 2826 1737 2910 quod
1814 2826 2025 2892 altero
2099 2828 2243 2892 1000
2320 2850 2577 2892 1110111111

415 2934 716 2998 futurum
773 2935 1071 2999 continet
1125 2933 1274 3010 (IV,
1331 2930 1434 3008 97,
1496 2929 1568 2996 2:
1634 2929 1806 2991 εἰπὼν
1860 2931 1946 2990 ὅτι
1991 2930 2162 2992 οὐδὲν
2205 2930 2412 3014 πράξει
2454 2934 2577 3013 πρὶν

415 3033 483 3094 ἄν
537 3036 940 3120 ἀναχωρήσῃ),
984 3036 1195 3101 altero
1226 3036 1569 3100 notionem
1598 3034 2152 3118 periphrastieam
2182 3036 2332 3114 (VI,
2364 3034 2466 3114 29,
2502 3035 2573 3099 2:

415 3137 852 3222 ἐπεμαρτύρετο
907 3140 993 3198 ὅτι
1047 3136 1539 3221 σωφρονέστερον
1596 3136 1680 3220 εἴη
1739 3139 1819 3220 μὴ
1869 3138 2024 3220 μετὰ
2078 3137 2343 3223 τοιαύτης
2397 3141 2582 3206 αἰτίας

414 3242 537 3322 πρὶν
567 3242 840 3320 διαγνῶσι
873 3239 1152 3320 πέμπειν).
1231 3239 1585 3306 Sententia
1613 3242 1901 3325 simplex
1930 3249 2060 3307 est:
2101 3243 2183 3326 μή
2210 3265 2289 3323 με
2320 3242 2575 3324 πέμπετε

415 3344 537 3424 πρὶν
603 3343 903 3424 διαγνῶτε.
1003 3343 1399 3410 Infinitivus
1466 3344 1789 3425 διαγνῶναι,
1855 3360 2052 3426 quem
2118 3346 2327 3411 codex
2394 3347 2576 3411 MOS·

414 3446 684 3528 quensis
741 3446 865 3511 1100
937 3447 1082 3512 1000
1154 3447 1443 3530 praebet,
1512 3446 1769 3512 nullam
1835 3446 2036 3511 habet
2101 3447 2573 3515 defensionem.

416 3547 646 3631 Neque
676 3551 851 3614 enim
883 3549 962 3615 de
992 3551 1278 3615 termino
1322 3548 1634 3614 mittendi
1680 3571 1894 3613 sermo
1946 3560 2066 3627 cst,
2114 3550 2231 3615 sed
2271 3559 2577 3635 preca-tur

415 3651 815 3731 Alcibiades,
862 3662 940 3717 ut
984 3653 1262 3718 crimina
1306 3653 1379 3716 in
1422 3653 1643 3735 ipsum
1688 3653 1983 3719 coniecta
2025 3661 2181 3719 ante
2211 3654 2577 3719 discessum

414 3754 879 3821 diiudicentur.
956 3792 1042 3802 ——
1118 3754 1427 3837 Quinque
1500 3755 1665 3820 locis
1751 3755 2153 3823 antecedunt
2225 3757 2571 3834 infinitivi,

589 4009 630 4076 l)
666 4010 752 4064 De
790 4009 1189 4065 controversiis
1227 4009 1506 4065 editorum
1539 4010 1656 4064 vid.
1693 4011 1870 4079 Popp.
1907 4011 1940 4065 l.
1976 4011 2011 4065 l.
2047 4010 2117 4078 H,
2151 4008 2201 4078 4,
2244 4011 2329 4066 9⁵2.

586 4096 629 4161 2)
668 4092 750 4148 Cf.
775 4093 955 4162 Raph.
980 4094 1261 4162 Kuehner,
1298 4093 1600 4150 ausfuehrl.
1632 4097 1726 4153 Gr.
1765 4098 1817 4151 d.
1845 4114 1928 4166 gr.
1956 4096 2095 4165 Spr.,
2133 4101 2164 4160 ἓ
2190 4096 2308 4166 354,
2345 4096 2489 4151 Anu.
2525 4102 2570 4149 22

583 4178 630 4248 3)
669 4178 752 4234 Cf.
789 4180 967 4248 Popp.
1005 4181 1040 4234 l.
1078 4181 1113 4234 1.
1149 4181 1192 4248 Ι,
1231 4183 1278 4249 1,
1314 4180 1432 4236 284.
