3088 4580
2546 266 2627 333 53

469 458 789 543 exemplis
846 456 988 535 (Ἀν.
1036 457 1166 533 ΙΙΙ,
1223 456 1273 533 1,
1340 453 1415 519 16
1432 479 1447 534 3
1510 456 1642 533 ΙΙΙ,
1693 455 1750 533 2,
1799 455 1881 522 29
1897 479 1912 536 ;
1972 457 2091 534 VI,
2146 456 2198 534 1,
2245 455 2361 536 27;
2411 453 2630 518 Λακεό.

469 565 589 622 πολ.
634 561 694 639 8,
744 564 811 637 5)
856 561 1026 626 ratio
1073 561 1231 625 haec
1277 567 1398 636 est,
1446 568 1522 624 ut
1569 559 1903 625 sententia
1931 560 2246 643 primaria
2284 560 2628 625 enuntiato

467 665 934 731 coniunctione
1003 664 1088 724 ὅτι
1153 663 1426 728 inducto
1495 664 1929 747 exprimatur.
2040 664 2353 747 Exempli
2417 664 2632 748 gratia

467 790 676 833 unum
707 769 929 832 locum
965 765 1078 827 Ἀν.
1107 767 1239 844 ΙΙΙ,
1291 767 1345 844 1,
1399 766 1475 830 16
1523 765 1922 831 adscribam:
1970 769 2028 826 οἱ
2064 765 2177 849 μὲν
2219 766 2335 849 γὰρ
2376 765 2632 848 πολέμιοι

469 862 637 953 δῆλον
693 871 779 930 ὅτι
835 869 904 930 οὐ
949 870 1232 952 πρότερον
1285 870 1431 951 πρὸς·
1481 870 1634 951 ἡμᾶς·
1684 871 1782 930 τὸν
1837 870 2085 952 πόλεμον
2141 868 2449 951 ἐξέφηναν,
2509 871 2631 951 πρὶν

470 975 739 1056 ἐνόμισαν
762 976 958 1038 καλῶς
976 972 1049 1032 τὰ
1072 970 1295 1032 ἑαυτῶν
1318 972 1902 1055 παρασκευάσασθαι.
1969 972 2154 1037 Haec
2177 971 2631 1037 subordinatio

473 1077 934 1142 coniunctione
981 1076 1067 1135 ὅτι
1121 1076 1354 1140 effecta
1406 1075 1586 1140 haud
1640 1077 1871 1159 procul
1930 1075 2116 1140 abest
2159 1074 2242 1139 ab
2287 1076 2633 1140 enuntiato

471 1202 589 1265 per
645 1202 715 1245 se
763 1179 1115 1245 constanti.
1205 1179 1506 1260 Namque
1564 1199 1647 1242 ex
1695 1178 2102 1244 Graecorum
2157 1178 2634 1244 consuetudine

471 1293 732 1350 tantum
786 1283 972 1348 abest
1024 1290 1102 1347 ut
1160 1282 1585 1347 enuntiatum
1643 1282 2121 1366 explicativum
2178 1282 2506 1373 particula
2549 1282 2635 1342 ὅτι

468 1389 814 1454 inductum
870 1385 993 1450 sub
1039 1385 1379 1450 dominatu
1436 1386 1769 1449 enuntiati
1823 1387 2115 1470 regentis
2175 1392 2501 1464 teneatur,
2559 1394 2633 1451 ut

470 1493 613 1556 sine
657 1491 797 1555 ulla
841 1489 1190 1553 modorum
1232 1489 1604 1553 mutatione
1649 1488 1791 1553 vim
1836 1510 2020 1553 suam
2068 1497 2310 1553 teneat.
2401 1489 2635 1571 Itaque

474 1593 910 1659 conformatio
979 1591 1334 1656 verborum
1408 1610 1484 1654 ac
1552 1597 1927 1673 temporum
1998 1591 2195 1674 plane
2269 1612 2420 1656 cum
2486 1591 2634 1656 aliis

473 1694 796 1779 exemplis
857 1693 1184 1777 congruit.
1288 1692 1416 1756 His
1473 1694 1653 1756 enim
1711 1702 2025 1775 quattuor
2079 1694 2242 1759 locis
2304 1695 2359 1758 si
2414 1694 2635 1760 demas

474 1800 599 1880 ὁρῶ
664 1797 807 1863 sive
874 1796 1042 1877 δῆλον
1107 1795 1208 1866 ὅτι,
1293 1802 1502 1859 restat
1569 1795 1835 1860 schema
1899 1796 2491 1881 Xenophonteum:
2568 1797 2635 1858 οὐ

475 1900 757 1983 πρότερον
789 1899 974 1977 (sive
1018 1898 1301 1981 πρόσθεν)
1347 1919 1496 1962 cum
1530 1898 1765 1963 aoristi
1792 1900 2155 1979 indicativo
2199 1938 2285 1948 —
2329 1904 2453 1984 πρίν
2487 1923 2637 1967 cum

477 2003 858 2069 indicativo.
971 2000 1252 2065 Duobus
1315 2001 1591 2083 reliquis
1656 2002 1821 2066 locis
1888 2003 2100 2067 oratio
2168 2025 2239 2068 re
2305 2025 2466 2068 vera
2536 2013 2638 2068 est

476 2107 763 2189 obliqua.
890 2104 1153 2169 Pendet
1240 2105 1420 2169 enim
1502 2104 1921 2170 enuntiatum
2010 2106 2471 2172 secundarium
2555 2107 2637 2172 ab

477 2210 817 2275 infinitivo
874 2209 1243 2293 praesentis
1299 2207 1407 2269 Ἀν.
1451 2208 1583 2285 ΙΙΙ,
1644 2205 1706 2286 4,
1754 2205 1838 2272 28
1881 2206 2065 2285 (ὥστε
2121 2209 2233 2268 ἀπὸ
2288 2212 2389 2270 τοῦ
2446 2213 2638 2294 τρίτου

477 2315 736 2396 γηλόφου
794 2308 1001 2382 ἔδοξεν
1059 2311 1254 2380 αὐτοῖς
1298 2312 1378 2394 μὴ
1437 2317 1660 2373 κινεῖν
1718 2312 1856 2379 τοὺς
1906 2312 2281 2395 στρατιώτας,
2345 2316 2467 2397 πρὶν
2525 2315 2638 2375 ἀπὸ

479 2421 581 2498 τῆς
632 2414 832 2486 δεξιᾶς
881 2417 1132 2497 πλευρᾶς
1182 2417 1283 2476 τοῦ
1337 2417 1594 2475 πλαισίου
1653 2416 1938 2497 ἀνήγαγον
1998 2417 2323 2484 πελταστὰς
2371 2419 2518 2500 πρὸς
2572 2420 2638 2478 τὸ

477 2517 659 2601 (istoc),
708 2528 774 2584 et
819 2518 900 2583 ab
944 2519 1282 2584 infinitivo
1341 2518 1574 2583 aoristi
1617 2517 1840 2580 Λακεὸ.
1890 2523 2013 2580 πολ.
2054 2518 2114 2599 8,
2168 2521 2195 2585 1
2250 2520 2400 2603 (ἐγὼ
2440 2521 2641 2603 μέντοι

476 2621 598 2682 οὐδ’
635 2622 968 2707 ἐγχεῳῆσαι
997 2621 1153 2704 οἶμαι
1195 2623 1480 2706 πρότερον
1511 2624 1610 2682 τὸν
1639 2621 1976 2706 Λυκοῦργον
2006 2622 2213 2706 ταύτην
2247 2624 2343 2705 τὴν
2373 2623 2640 2694 εὐταξίαν

475 2727 830 2799 καθιστάναι,
863 2727 986 2808 πρὶν
1017 2726 1435 2808 ὁμογνώμονας
1462 2725 1771 2807 ἐποιήσατο
1804 2727 1940 2793 τοὺς·
1958 2729 2305 2808 κρατίστους
2330 2730 2443 2786 τῶν
2477 2726 2537 2787 ἐν
2572 2734 2641 2810 τῇ
2706 2774 2717 2780 ..

477 2829 687 2908 πόλει).
763 2864 846 2873 --
922 2827 1174 2891 Novies
1262 2837 1485 2892 autem
1572 2829 1941 2892 sententiae
2025 2837 2093 2892 et
2181 2829 2497 2911 primaria
2572 2838 2674 2897 et.

480 2929 866 2993 secundaria
941 2928 1226 3009 simplici
1300 2931 1550 2994 aoristo
1624 2930 2109 3012 exprimuntur.
2219 2931 2409 2994 Inter
2479 2930 2639 2994 haec

481 3032 784 3147 exempla
827 3031 1152 3095 formulae
1199 3031 1516 3112 quaedam
1561 3033 2020 3105 inveniunt1i1·‚
2067 3053 2227 3114 qua-e
2260 3033 2641 3116 Xenophon

479 3136 550 3198 in
596 3134 850 3199 deliciis
916 3132 1133 3198 habet.
1224 3134 1309 3197 In
1366 3132 1521 3298 fiViga
1576 3135 1751 3198 enim
1811 3135 2154 3219 praecipiti
2214 3135 2641 3201 describenda

480 3245 715 3319 quater
771 3235 950 3313 (Ελλ.
997 3236 1118 3314 IV,
1167 3232 1224 3313 3,
1274 3233 1343 3316 8,
1405 3236 1489 3314 V,
1553 3236 1613 3316 4,
1680 3237 1794 3315 453
1863 3237 2002 3319 Kvp.
2059 3239 2210 3299 παιὸ.
2275 3240 2329 3316 Ι,
2399 3240 2457 3317 4,
2527 3238 2637 3320 233

473 3341 668 3422 ’.Αγησ
699 3340 759 3418 2,
799 3339 868 3420 4)
908 3361 1039 3403 una
1072 3339 1424 3423 eademque
1456 3340 1789 3405 sententia
1831 3339 2067 3404 iisdem
2098 3341 2233 3405 fere
2272 3341 2492 3407 verbis
2526 3364 2639 3408 ex-

484 3444 825 3525 primitur:
894 3440 1148 3526 ἔστησαν
1211 3443 1279 3504 οὐ
1347 3444 1604 3526 πρόσθεν
1668 3479 1754 3488 --
1819 3444 1940 3526 πρὶν
2001 3478 2087 3489 --
2143 3443 2638 3525 ἐγένοντο.Εο

483 3546 692 3630 magis
737 3547 981 3610 mirum
1025 3553 1147 3624 est,
1197 3546 1367 3628 quod
1414 3546 1669 3611 duobus
1724 3547 1888 3611 locis
1935 3546 2074 3630 Kop.
2130 3549 2284 3608 παιὸ.
2335 3549 2391 3627 Ι,
2449 3548 2510 3626 4,
2557 3547 2638 3615 23

483 3656 551 3713 et
587 3647 781 3731 Ἀγησ.
827 3648 887 3725 2,
935 3652 976 3711 4
1021 3648 1315 3713 melioris
1362 3660 1557 3714 notae
1602 3648 1857 3714 codices
1904 3650 2149 3714 habent
2193 3651 2317 3733 πρὶν
2359 3649 2415 3732 ἤ,
2467 3652 2640 3734 quod

481 3773 563 3815 ex
596 3751 899 3835 analogia
930 3759 1301 3815 ceterorum
1332 3751 1787 3835 exemplorum
1809 3753 1882 3816 in
1912 3754 2034 3834 πρίν
2065 3753 2349 3836 simplex
2381 3762 2640 3820 mutare

482 3875 617 3917 non
648 3852 899 3918 dubito.
975 3852 1235 3917 Deinde
1281 3853 1493 3918 tribus
1528 3854 1690 3918 locis
1729 3853 1840 3917 Ἀν.
1882 3855 2002 3932 VI,
2041 3855 2096 3934 1,
2143 3854 2254 3934 273
2296 3853 2447 3916 ‘Em
2477 3857 2638 3934 VII,

483 3956 542 4033 4,
584 3954 658 4022 18
673 3980 689 4036 ;
723 3957 903 4017 Οἶκον.
934 3955 993 4033 2,
1028 3955 1334 4026 &eadem
1368 3957 1655 4021 formula
1684 3957 1751 4017 οὐ
1783 3957 2039 4039 πρόσθεν
2070 3957 2301 4034 (semel
2331 3959 2642 4039 πρότερον)

485 4057 818 4119 παύσασθαι
861 4094 947 4104 -
991 4061 1116 4140 πρίν
1162 4095 1264 4130 -,
1328 4068 1395 4123 et
1445 4059 1639 4142 Ἀγησ.
1698 4061 1757 4139 2,
1804 4060 1888 4125 20
1946 4061 2185 4125 similis
2243 4061 2526 4124 elocutio
2572 4060 2640 4134 οὐ
2735 4061 2736 4064 ’

485 4163 767 4245 πρότερον
813 4158 1000 4244 ἔληξε,
1048 4165 1171 4246 τςοίν
1216 4162 1578 4228 invenitur.
