3088 4580
458 232 545 300 28

458 424 562 489 bis
625 426 1043 490 enuntiatum
1112 446 1151 488 a
1207 426 1672 491 coniunctione
1716 424 1877 488 ὅπως
1925 421 2217 507 pendens
2262 421 2613 505 praecedit,

459 550 654 610 quam
702 529 840 611 Kop.
885 529 1037 590 παιδ.
1066 529 1151 608 V,
1184 526 1246 607 3,
1293 528 1376 595 40
1408 528 1895 605 conjunctivus,
1943 524 2064 604 VI,
2099 523 2158 604 3,
2206 524 2242 589 7
2275 525 2615 609 optativus

460 632 778 715 sequitur.
870 629 1289 696 Creberrime
1335 634 1458 714 τςοίν
1503 653 1654 697 cum
1698 628 2039 694 infinitivo
2074 628 2500 693 coniunctum
2544 627 2618 692 in

459 736 728 820 periodo
785 734 1225 800 condicionali
1280 735 1647 802 invenitur.
1751 732 2023 816 Septem
2068 731 2225 809 illis,
2285 732 2398 814 qui
2443 731 2617 815 apud

458 838 975 923 Xenophontem
1055 847 1345 918 exstant,
1411 839 1577 904 locis
1639 837 1721 902 ad
1792 837 2091 921 protasin
2163 857 2233 900 sc
2307 835 2616 919 applicat,

460 945 531 1008 in
576 963 702 1026 qua
761 941 863 1007 bis
923 943 1251 1026 particula
1309 944 1365 1004 εἰ
1417 964 1569 1008 cum
1622 942 1986 1007 indicativo
2044 939 2254 1005 futuri
2312 939 2619 1023 copulat-a

459 1046 639 1126 (Ἕλλ.
683 1047 843 1123 VII,
902 1044 963 1125 3,
1023 1044 1062 1111 6
1118 1056 1187 1112 et
1241 1048 1380 1129 Kup.
1438 1048 1591 1107 παιδ.
1647 1046 1771 1123 IV,
1819 1043 1879 1120 3,
1935 1044 2062 1124 14),
2109 1043 2457 1127 quinquies
2514 1041 2618 1103 ἐάν

460 1152 603 1216 sivo
670 1148 735 1232 ἢν
803 1171 952 1215 cum
1010 1150 1461 1218 coniunctivo„
1506 1151 1882 1216 consociata
1946 1148 2278 1232 reperitur
2345 1145 2484 1226 (Ἀν.
2527 1147 2613 1223 V,

459 1254 518 1333 6,
566 1251 678 1332 33;
724 1253 884 1331 VII,
932 1251 992 1331 3,
1039 1251 1156 1333 353
1203 1255 1343 1335 Kvp.
1374 1254 1525 1315 παιδ.
1556 1255 1687 1333 ΙΙΙ,
1734 1252 1794 1332 2,
1842 1252 1912 1333 4,
1958 1252 2082 1331 IV,
2129 1253 2188 1330 5,
2236 1249 2348 1330 313
2388 1248 2618 1329 Ἀπομν,

458 1357 589 1436 ΙΙΙ,
643 1356 739 1434 11,
792 1354 915 1434 13).
1003 1358 1398 1424 Infinitivus
1443 1358 1675 1438 aoristi
1719 1356 2018 1422 adhiberi
2064 1356 2252 1420 solet.
2337 1353 2618 1418 Duobus

457 1461 620 1525 locis
666 1461 913 1545 legitur
968 1462 1335 1545 praesentis
1392 1462 1775 1527 infinitivus
1825 1460 1986 1542 (Κυρ.
2034 1459 2185 1519 παιδ.
2231 1458 2353 1535 IV,
2401 1455 2460 1534 3,
2517 1456 2615 1523 14;

459 1564 736 1646 ἀκριβοῦν
788 1594 856 1617 :—
907 1567 1120 1644 σαφῶς
1161 1564 1391 1635 εἰδέναι,
1438 1565 1511 1630 vi
1539 1563 1822 1647 quadam
1864 1563 2174 1628 aoristica
2216 1562 2620 1626 instructum

459 1675 526 1732 ct
564 1666 790 1749 Ἀπομν.
835 1668 968 1747 ΙΠ,
1022 1666 1118 1746 11,
1170 1665 1246 1732 13
1293 1666 1603 1749 ἐπιθυμεῖν,
1661 1667 1778 1731 ubi
1821 1688 1906 1731 ne
1963 1664 2309 1731 exordium
2353 1663 2618 1749 quidem

459 1772 793 1855 appetitus
860 1771 1286 1838 statuendum
1362 1794 1505 1836 esse
1584 1771 1876 1837 indicare
1942 1770 2095 1836 vult
2164 1776 2413 1847 auctor,
2489 1788 2617 1851 quo

458 1875 728 1957 gravius
773 1875 1101 1959 oppositio
1146 1873 1600 1958 κεκορεσμένοις
1641 1873 1716 1935 δέ
1747 1874 2143 1939 illustretur.
2217 1873 2346 1937 His
2391 1872 2620 1958 agglu-

458 1978 734 2043 tinanda
763 1986 922 2043 sunt
951 1980 1257 2063 exempla
1286 1979 1435 2059 duc,
1483 2000 1649 2062 quac
1681 1979 1735 2039 εἶ
1776 1999 1928 2043 cum
1958 1977 2257 2061 optativo
2298 1976 2620 2041 exhibent

460 2080 597 2159 (Ἀν.
643 2082 735 2160 ΙΙ,
794 2084 856 2160 5,
914 2082 954 2147 2
999 2091 1068 2149 et
1124 2084 1247 2161 IV,
1300 2086 1355 2163 1,
1404 2083 1538 2161 21),
1596 2082 1712 2147 ubi
1756 2082 1875 2147 illa
1916 2081 2243 2166 particula
2285 2081 2358 2147 vi
2408 2081 2620 2165 hypo-

459 2185 708 2251 thetica
751 2187 946 2270 priva
988 2187 1330 2253 notionem
1376 2185 1763 2271 experiendi
1807 2185 2025 2254 habet.

629 2288 928 2356 Maximo
975 2313 1171 2375 opere
1215 2290 1558 2358 meditatio
1625 2299 1853 2357 nostra
1896 2289 2231 2355 excitatur
2294 2289 2376 2353 iis
2429 2288 2613 2367 lociS,

456 2414 737 2475 quorum
825 2397 1246 2460 enuntiatum
1325 2395 1722 2478 primarium
1805 2394 2225 2478 negationem
2298 2393 2614 2458 continet.

456 2495 796 2579 Imprimis
828 2497 1235 2582 seiungenda
1276 2505 1436 2563 sunt
1478 2495 1783 2580 exempla
1818 2518 1912 2574 ea,
1959 2517 2237 2579 quorum
2283 2496 2618 2560 sententia

454 2599 770 2680 primaria
829 2601 1132 2683 quamvis
1178 2601 1529 2686 negatione
1573 2601 1905 2666 instructa
1953 2600 2273 2677 videatur,
2341 2621 2414 2664 re
2456 2621 2618 2665 vera

457 2711 677 2768 tamen
752 2704 1045 2769 notionis
1089 2705 1440 2790 negativae
1485 2725 1723 2788 expers
1768 2711 1889 2769 est.
1977 2703 2239 2787 Ecquid
2304 2702 2431 2769 duo
2497 2703 2619 2768 illa

456 2806 802 2872 enuntiata
832 2804 984 2867 Ἕλλ.
1028 2807 1190 2886 VII,
1237 2809 1296 2885 5,
1342 2805 1427 2871 27
1467 2816 1535 2873 et
1572 2806 1762 2868 Ἀπολ.
1805 2808 2002 2891 Σωκρ.
2041 2806 2082 2894 ξ
2113 2807 2219 2888 24,
2265 2808 2346 2873 de
2375 2807 2615 2890 quibus

454 2909 649 2974 modo
695 2913 867 2994 (pag.
935 2908 1046 2987 25)
1113 2910 1424 2990 diximuS,
1495 2912 1638 2977 vim
1684 2910 1970 2996 negandi
2025 2911 2322 2978 habent?
2377 2911 2612 2987 Imm0,

457 3013 678 3096 ellipsi
732 3014 1041 3098 suppleta
1085 3036 1317 3079 sensus
1362 3013 1810 3082 affirmativus
1855 3016 2089 3081 oritur.
2182 3014 2380 3096 Quid,
2440 3014 2616 3100 quod

456 3124 690 3199 quater
733 3117 903 3200 apud
941 3118 1460 3203 Xenophontem
1504 3121 1929 3185 enuntiatum
1973 3119 2364 3202 primarium
2408 3119 2615 3183 inter-

456 3220 820 3303 rogationis
854 3220 1133 3285 formam
1179 3222 1445 3288 induit?
1488 3223 1657 3306 (Kop.
1703 3224 1854 3283 παιδ.
1900 3221 2022 3300 IV,
2069 3220 2129 3300 2,
2177 3224 2246 3301 5,·
2294 3222 2377 3301 V,
2424 3220 2484 3298 4,
2530 3219 2615 3286 35

457 3330 526 3387 et
569 3319 682 3400 38;
743 3320 893 3382 Ἕλλ.
937 3323 1061 3401 VI,
1128 3322 1189 3402 3,
1255 3325 1388 3410 15).
1481 3325 1618 3392 Sed
1671 3347 1904 3391 sensus
1961 3346 2223 3409 semper
2276 3333 2379 3391 cst
2434 3325 2617 3389 affir-

456 3426 766 3491 mativus,
856 3425 1076 3492 Multo
1144 3448 1304 3493 vero
1360 3429 1628 3493 maioris
1697 3428 2027 3492 momenti*
2084 3437 2245 3492 sunt
2309 3429 2617 3513 exempla.

456 3528 744 3611 quinque
792 3549 949 3594 vera
983 3531 1334 3615 negatione
1363 3532 1709 3609 instructa,
1757 3552 2038 3613 quorum
2068 3531 2197 3596 duo
2244 3532 2416 3616 (Kop.
2462 3532 2614 3592 παιὸ.

455 3632 587 3710 ΙΙΙ,
657 3631 715 3712 2,
790 3632 868 3697 12
923 3642 992 3698 et
1036 3630 1189 3698 Ἕλλ.
1257 3634 1379 3712 VI,
1457 3636 1516 3712 5,
1585 3632 1696 3712 23)
1762 3636 2047 3719 tempori
2111 3635 2613 3702 determinando

455 3736 855 3803 inserviunt.
950 3735 1134 3817 Quin
1179 3737 1376 3802 etiam
1423 3737 1496 3801 in
1530 3736 1980 3824 Cyropaediae
2023 3740 2169 3805 loco
2212 3762 2415 3823 quum
2458 3741 2613 3804 infi-

456 3840 671 3906 nitivo
716 3841 789 3904 in
830 3840 1025 3920 initio
1070 3840 1324 3924 periodi
1368 3841 1707 3921 collocate,
1753 3851 1895 3908 tum
1929 3843 2345 3926 oppositione
2375 3841 2499 3904 ἐπεὶ
2542 3843 2617 3904 δέ

458 3943 822 4008 clarissime
867 3943 1359 4009 demonstratur
1405 3947 1746 4013 notionem
1806 3945 2240 4030 temporalem
2282 3947 2611 4030 imprimis

456 4046 801 4112 dominari.
890 4084 975 4094 —-
1023 4045 1410 4130 Sequuntur
1454 4058 1590 4115 tres
1628 4051 1758 4116 loci
1802 4049 1969 4131 (Κυρ.
2014 4049 2166 4109 παιδ.
2210 4049 2335 4130 IV,
2389 4046 2450 4127 3,
2502 4049 2607 4129 103

458 4149 653 4228 VIII,
724 4151 781 4229 1,
846 4147 931 4216 38
944 4174 961 4231 ;
1025 4152 1205 4214 θῖκον.
1270 4152 1329 4230 4,
1400 4151 1528 4230 24),
1589 4153 1702 4240 qui
1768 4152 2240 4240 Xenophontis
2299 4153 2609 4239 quiddam
