3088 4580
472 310 557 374 54

643 498 930 563 Restant
974 504 1110 562 tres
1156 498 1305 574 loci,
1362 498 1475 580 qui
1520 499 1783 579 quidem
1830 520 1964 562 non
2008 521 2261 564 merum
2310 500 2634 564 3011813001

471 601 737 679 habent,
788 600 1067 667 verbum
1113 609 1333 665 tamen
1379 601 1704 666 auxiliare
1750 599 2034 662 δύνασθαι
2079 624 2229 666 cum
2273 603 2632 668 infinitivis

472 706 702 772 aoristi
748 705 1126 788 copulatum
1190 702 1373 782 (Ἕλλ.
1418 704 1502 781 V,
1558 704 1619 782 4,
1678 703 1762 770 58
1807 703 1914 764 οὐκ
1958 703 2231 765 ἐδύναντο
2277 711 2456 790 σχεῖν,
2512 705 2634 787 πρὶν

473 808 860 892 ἐλιποψύχησε
932 817 999 874 et
1056 810 1193 891 Κυρ.
1251 807 1402 868 παιδ.
1456 807 1578 885 VI,
1647 807 1706 885 ll,
1778 807 1848 871 11
1913 807 1981 867 ού
2038 810 2294 887 πρόσθεν
2359 807 2632 868 ἐδύναντο

475 911 829 984 θεάσασθαι,
896 913 1018 994 πρὶν
1079 911 1356 994 ἀπῆλθεν)
1367 935 1382 990 ;
1452 912 1655 976 semel
1723 912 2105 978 infinitivus
2173 892 2540 995 praesentis
2596 933 2636 975 a

472 1016 684 1081 verbo
710 1014 932 1075 ἐθέλειν
963 1016 1256 1098 pendens
1290 1024 1477 1081 extat
1503 1014 1630 1076 .Ἀν.
1677 1017 1732 1093 Ι,
1766 1015 1824 1093 2,
1858 1014 1969 1080 26;
2017 1018 2050 1076 ὁ
2082 1014 2137 1075 δ’
2184 1012 2320 1075 οὔτε
2351 1016 2635 1098 πρότερον

473 1121 673 1182 οὐδενί
707 1144 796 1180 πω
833 1122 1115 1203 κρείττονι
1146 1119 1356 1180 ἑαυτοῦ
1404 1121 1489 1185 εἷς
1507 1126 1721 1203 χεῆοας
1762 1118 1950 1179 ἐλθεῖν
1981 1116 2095 1202 ἔφη
2128 1117 2266 1179 οὔτε
2296 1121 2431 1179 τότε
2462 1117 2635 1201 Κύρῳ

473 1224 617 1285 ἰέναι
659 1222 856 1305 ἤθελε,
901 1224 1022 1305 πρὶν
1068 1224 1101 1304 ἡ
1153 1223 1289 1304 γυνὴ
1336 1222 1508 1283 αὐτὸν
1555 1219 1750 1283 ἔπεισε
1794 1223 1889 1282 καὶ
1941 1224 2155 1289 πίστεις
2196 1219 2399 1300 ἔλαβε.
2487 1222 2636 1287 Hoc

472 1327 617 1390 loco
683 1326 1063 1391 infinitivus
1136 1326 1502 1409 praesentis
1578 1325 1720 1385 ἱέναι
1794 1328 2155 1409 opponitur
2218 1326 2637 1392 antecedenti

473 1430 816 1494 infinitivo
861 1430 1093 1493 30118131
1137 1427 1345 1490 ἐλθεῖν.

649 1564 1026 1651 Singularis
1082 1574 1184 1630 est
1240 1567 1424 1630 locus
1483 1568 1665 1626 Οἶκον.
1724 1566 1781 1645 7,
1841 1566 1878 1630 7
1931 1566 2002 1626 οὐ
2060 1566 2145 1648 μὰ
2209 1563 2319 1637 Δί’,
2386 1563 2455 1624 οὐ
2513 1566 2636 1647 ποίν

472 1692 542 1751 γε
597 1671 693 1730 καὶ
749 1665 955 1741 ἔθυσα,
1026 1691 1159 1734 1100
1220 1669 1436 1734 801010
1491 1678 1765 1753 propter
1831 1671 2224 1754 particulam
2290 1668 2380 1751 γε’,
2442 1690 2635 1751 quam

474 1773 660 1837 nullo
728 1774 874 1837 loco
947 1780 1063 1837 aut
1144 1771 1572 1855 Thucydideo
1647 1781 1762 1837 aut
1836 1774 2350 1857 XenophonteO,
2428 1774 2637 1838 solam

475 1877 928 1942 coniunctioni
981 1878 1105 1960 rqoc'v
1149 1875 1441 1940 additam
1486 1876 1886 1954 invenimus,
1950 1877 2062 1941 sed
2111 1877 2310 1942 etiam
2364 1886 2637 1962 propter

475 1981 743 2064 ellipsin
804 1979 992 2046 verbi
1048 1980 1361 2064 regentis,
1430 1978 1607 2062 quod
1662 2000 1744 2043 ex
1808 1980 2152 2044 enuntiato
2220 1980 2638 2047 antecedenti

481 2083 560 2144 Τὰ
591 2083 648 2144 δ’
682 2083 827 2144 ἄλλα
857 2083 1035 2150 αὐτὸς·
1074 2082 1480 2144 ἐπαίδευσα
1500 2105 1531 2148 ς
1572 2082 1669 2164 τὴν
1696 2088 1935 2164 γυναῖκα
1965 2081 2483 2167 depromendum
2516 2092 2634 2149 est.

648 2221 880 2304 Neque
903 2222 1123 2286 minus
1150 2219 1580 2284 memorabile
1607 2227 1709 2283 cst
1739 2218 1920 2283 aliud
1943 2220 2491 2304 exemplum‘EM.
2513 2220 2634 2299 IV,

474 2325 535 2404 8,
583 2323 683 2398 28,
743 2333 1093 2409 propterea
1159 2323 1334 2407 quod
1390 2322 1817 2383 ἀνακαλουθίαν
1894 2324 2208 2389 0001310013.
2310 2323 2637 2390 Periodus

476 2430 652 2494 enim
724 2430 962 2512 incipit
1026 2428 1130 2491 his
1200 2427 1451 2492 Verbis:
1523 2423 1801 2508 ἐπιτυχὼν
1863 2422 1917 2484 δ’
1972 2424 2031 2485 ἐν
2094 2433 2164 2508 τῇ
2221 2424 2445 2509 Λέσβῳ
2519 2433 2644 2493 ταῖς

476 2533 703 2593 πόλεσιν
769 2532 978 2595 πάσαις
1036 2528 1168 2611 πλὴν
1236 2528 1620 2610 Μυτιληναίων
1660 2527 2152 2602 λακωνιζούσαις,
2222 2529 2315 2591 ἐπ’
2365 2531 2639 2613 οὐδεμίαν

477 2633 664 2695 αὐτῶν
703 2630 816 2717 ᾔει,
862 2634 985 2714 πρὶν
1040 2632 1100 2693 ἐν
1147 2632 1423 2715 Μυτιλήνῃ
1479 2630 1765 2701 συντάξας
1815 2631 1953 2699 τούς
2002 2655 2067 2693 τε
2120 2635 2232 2694 ἀπὸ
2272 2639 2383 2696 τῶν
2428 2635 2639 2696 ἑαυτοῦ

477 2744 622 2801 νεῶν
667 2739 1084 2821 τετρακοσίους·
1123 2738 1354 2801 ὁπλίτας
1395 2736 1541 2794 κτλ.·
1603 2734 2090 2818 Exspectamus
2136 2759 2219 2802 ex
2256 2760 2380 2804 usu
2409 2737 2638 2803 Xeno-

478 2843 768 2925 phonteo
814 2850 1098 2906 exeunte
1129 2838 1475 2903 enuntiato
1505 2837 1963 2904 indicativum.
2044 2838 2178 2905 Sed
2212 2849 2639 2924 posteaquam

480 2943 607 3008 (luo
653 2945 785 3008 alia
828 2944 1177 3027 participia
1233 2942 1587 3007 coniuncta
1631 2942 1974 3024 προς-λαβών
2019 2951 2088 3008 et
2132 2942 2365 3011 ἐλπίδας
2403 2943 2641 3010 ὑποθείς

479 3046 750 3126 addidit,
830 3046 1210 3130 Xenophon
1276 3052 1552 3129 propter
1624 3044 2012 3128 ampliorem
2089 3047 2443 3113 verborum
2510 3047 2638 3111 cir-

481 3151 733 3215 cuitum
776 3152 897 3232 πρίν
944 3149 1430 3213 00010001310018
1488 3148 1562 3211 10
1604 3148 1801 3212 1011310
1850 3149 2107 3232 periodi
2152 3150 2403 3234 positae
2460 3149 2639 3214 haud

481 3254 643 3317 satis
688 3273 939 3316 memor
984 3253 1347 3317 sententias
1396 3252 1593 3316 modo
1640 3272 1986 3335 expressas
2020 3251 2211 3317 brevi
2252 3253 2636 3336 complexus

483 3355 843 3419 clausulam
890 3376 1007 3438 per
1051 3355 1445 3416 ἀνακόλουθον
1489 3355 1676 3419 facit:
1730 3355 1913 3413 ταῦτα
1957 3353 2028 3414 δὲ
2072 3356 2644 3439 παραμυθησάμενος

480 3458 576 3517 καὶ
619 3456 904 3527 συντάξας
941 3456 1079 3540 ἦγεν
1123 3457 1334 3524 αὐτοὺς
1374 3457 1461 3518 ἐπὶ
1505 3458 1601 3540 τὴν
1647 3456 1977 3539 Μήθυμναν.

653 3593 1012 3675 Reliquum
1078 3603 1208 3672 est,
1283 3604 1361 3659 013
1427 3595 1606 3659 10008
1674 3594 2236 3678 Xenophonteos·,
2305 3596 2420 3678 qui
2486 3615 2635 3668 con·

481 3699 853 3765 iunctivum
900 3698 1042 3763 sive
1088 3699 1462 3780 optativum
1507 3707 1660 3782 post
1704 3701 1827 3781 vqoe'v
1871 3698 2265 3782 particulam
2300 3696 2637 3781 praebent,

482 3802 708 3883 paucis
754 3820 1127 3883 persequar.
1221 3799 1398 3865 Sunt
1442 3801 1514 3864 hi
1559 3801 1805 3884 viginti
1849 3801 2008 3880 (10ος
2057 3801 2447 3884 plerumque
2490 3819 2640 3882 per-

484 3904 704 3968 tinent
770 3903 852 3967 ad
906 3911 1168 3986 tempus
1223 3903 1544 3968 futurum.
1650 3902 1930 3969 Duobus
1989 3904 2154 3969 10018
2216 3902 2638 3968 enuntiatum

484 4005 872 4087 primarium
917 4026 1096 4069 mero
1146 4007 1364 4069 futuro
1409 4003 1671 4087 (Ἀπομν.
1703 4005 1825 4084 IV,
1869 4005 1931 4084 4,
1964 4004 2035 4071 9:
2083 4004 2190 4066 οὐκ
2232 4002 2473 4067 ἀκούσει
2515 4006 2638 4087 πρίν

484 4105 540 4185 γ’
598 4105 665 4165 ἂν
721 4106 984 4190 ἀποφήνῃ
1040 4114 1108 4171 013
1165 4108 1346 4167 Οἰκον.
1404 4105 1464 4185 3,
1529 4107 1620 4185 1),
1691 4106 1944 4172 duobus
2007 4107 2154 4171 aliis
2224 4106 2637 4191 prohibitivo

489 4208 865 4271 continetur
909 4205 1043 4284 (Ἀν.
1088 4208 1172 4287 V,
1221 4207 1279 4287 7,
1337 4209 1438 4273 12:
1480 4210 1561 4292 μὴ
1606 4208 1914 4295 ἀπέλθητε,
1959 4211 2081 4291 πρὶν
2125 4208 2193 4269 ἂν
2237 4207 2528 4293 ἀκούσητε
2570 4215 2638 4274 013
