3088 4580
2526 212 2611 281 33

453 402 775 487 quomodo
843 403 1092 468 factum
1153 402 1260 476 sit,
1330 408 1407 466 ut
1475 399 1704 466 eadem
1769 402 2096 485 particula
2158 424 2323 487 quae
2383 404 2611 471 infini-

451 508 669 574 tivum
713 506 886 591 regit
929 506 1123 570 modo
1168 525 1425 587 quoque
1469 505 1664 569 finito
1710 505 2055 588 potiretur.
2147 507 2431 572 Ineunte
2479 507 2612 577 dis-

452 610 811 674 sertatione
855 608 1197 673 docuimus
1243 606 1634 671 adverbium
1678 609 1801 688 τςοίν
1845 606 2007 671 duas
2051 608 2426 691 ingressum
2468 632 2611 676 esse

455 714 617 790 viaS,
689 732 970 795 quarum
1042 710 1252 775 altera
1301 709 1383 773 ad
1453 710 1874 774 infinitivum
1940 709 2150 775 altera
2212 711 2293 776 ad
2343 711 2611 777 modum

451 817 720 880 finitum
745 815 1031 878 duxerit.
1091 813 1285 877 Hanc
1307 819 1583 877 naturae
1608 812 2004 896 originariae
2029 815 2611 881 commutationem

452 919 860 1002 pedetentim
919 918 1159 982 factam
1229 937 1372 981 csse
1428 914 1772 1000 probabile
1837 924 1955 981 est¹
2049 917 2152 981 Ac
2216 937 2409 982 nemo
2476 917 2614 983 fere

454 1026 703 1100 eorum,
749 1021 986 1105 quibus
1031 1020 1112 1084 de
1154 1020 1277 1083 hac
1320 1019 1649 1102 particula
1693 1018 1953 1084 dicendi
2000 1019 2252 1085 occasio
2298 1019 2452 1086 data
2491 1030 2612 1101 est,

454 1133 570 1189 aut
613 1124 987 1190 breviorem
1031 1131 1146 1188 aut
1189 1123 1664 1187 accuratiorem
1710 1121 1957 1211 dehac
2013 1144 2085 1186 re
2128 1124 2612 1208 expositionem

456 1225 870 1294 detrectavit.
984 1228 1081 1292 Et
1153 1226 1449 1310 profecto
1516 1226 1666 1290 viae
1744 1247 1873 1309 qua
1938 1248 2019 1289 ex
2100 1227 2429 1310 particula
2491 1230 2614 1310 πρίν

454 1331 830 1396 coniunctio
878 1332 1094 1397 evasit
1137 1331 1580 1415 perscrutatio
1614 1351 1749 1394 non
1796 1330 2010 1394 solum
2044 1329 2124 1393 ad
2158 1331 2291 1395 vim
2324 1338 2615 1415 potesta·

453 1440 716 1517 temque
745 1436 1112 1519 particulae
1143 1435 1353 1518 ipsius
1396 1432 1932 1517 intellegendam,
1980 1433 2092 1497 sed
2125 1434 2325 1498 etiam
2354 1435 2438 1500 ad
2467 1436 2616 1499 uni-

452 1558 716 1601 versam
797 1539 1105 1622 syntaxis
1179 1538 1506 1601 rationem
1586 1534 2114 1620 perspiciendam
2198 1557 2615 1620 summopere

453 1638 654 1704 valet.
744 1641 978 1723 Itaque
1022 1661 1145 1704 nos
1185 1660 1460 1722 quoque·
1489 1639 1647 1703 huic
1692 1639 2067 1721 quaestioni
2111 1638 2611 1723 pertractandae

455 1762 724 1825 operam
787 1742 1198 1807 navabimus.
1287 1741 1508 1806 Multo
1577 1748 1799 1805 autem
1863 1740 2125 1805 facilius
2193 1739 2355 1807 haec
2420 1764 2617 1825 quam

455 1843 638 1926 prior
725 1842 1086 1928 disputatio
1176 1843 1366 1908 nobis
1455 1842 1787 1926 procedet.
1922 1842 2161 1917 Altera
2247 1846 2424 1910 enim
2494 1847 2616 1928 τςοίν

455 1947 818 2031 particulae
892 1968 1041 2012 cum
1134 1946 1476 2011 infinitivo
1562 1953 1904 2011 structura
1988 1945 2119 2008 iam
2193 1946 2265 2011 in
2341 1948 2617 2013 Homeri

456 2049 859 2114 carminibus
943 2049 1239 2133 perfecta
1320 2058 1390 2113 et
1478 2049 1662 2114 varie
1748 2047 2017 2112 exculta
2089 2054 2339 2128 exstat;
2427 2050 2616 2115 verbi

456 2161 676 2217 autem
756 2153 937 2217 finiti
1024 2173 1184 2217 usus
1273 2152 1461 2234 quasi
1523 2151 1739 2217 nobis
1834 2150 2216 2216 videntibus
2300 2155 2614 2218 nascitur.

461 2251 669 2319 Cuius
735 2264 813 2321 ut
857 2276 1185 2341 exponam
1238 2256 1563 2340 originem
1630 2255 1711 2320 ab
1780 2252 2095 2319 adverbio
2141 2254 2620 2321 exordiendum

459 2378 601 2421 esse
643 2358 815 2423 mihi
856 2359 1144 2425 videtur.

628 2497 864 2562 Priore
919 2498 1065 2562 loco
1135 2518 1364 2561 eorum
1420 2496 1882 2580 exemplorum
1945 2497 2274 2563 rationem
2328 2509 2620 2564 contem-

456 2600 736 2683 plemur,
769 2623 1051 2684 quorum
1081 2601 1414 2665 sententia
1442 2599 1524 2664 ad
1554 2607 1818 2684 tempus
1843 2602 2281 2684 praeteritum
2303 2604 2616 2686 pertinet.

458 2702 835 2769 Primordia
877 2704 1226 2788 potestatis
1275 2725 1359 2768 ex
1405 2724 1482 2767 ea
1524 2724 1598 2766 re
1640 2702 1812 2766 mihi
1867 2704 2228 2786 repetenda
2284 2705 2617 2784 videntur,

459 2806 634 2887 quod
692 2808 766 2870 in
823 2807 1225 2872 carminibus
1280 2806 1656 2871 Homericis
1713 2804 2104 2871 adverbium
2162 2809 2286 2889 πρίν
2347 2808 2621 2873 ineunte

462 2910 805 2974 enuntiato
881 2910 1176 2992 positum
1260 2928 1731 2991 saepenumero
1806 2908 1888 2972 ad
1961 2910 2364 2974 sententiam
2436 2920 2623 2977 ante-

463 3011 804 3076 cedentem
853 3010 1140 3093 respicit.
1232 3010 1550 3093 Exempli
1603 3010 1819 3093 gratia
1860 3012 2132 3076 nomino
2194 3010 2246 3071 Φ
2293 3013 2622 3081 177—79:

1268 3145 1333 3203 τὺ
1381 3144 1450 3204 δὲ
1494 3145 1775 3229 τέτρατον
1821 3145 2001 3229 ἤθελε
2047 3149 2217 3233 θυμῷ

768 3249 904 3321 ἆξαι
947 3247 1305 3330 ἐπιγνάμψας
1344 3247 1490 3330 δόρυ
1529 3251 1776 3330 μείλινον
1819 3252 2091 3312 Αἰακίδαο

768 3354 911 3413 ἀλλὰ
954 3354 1076 3435 τηοὶν
1115 3349 1381 3435 Ἀχιλεὺς·
1412 3350 1629 3434 σχέδον
1675 3350 1809 3435 ἄορι
1850 3354 2035 3435 θυμὸν
2081 3353 2327 3437 ἀπηύρα.

469 3487 753 3554 Schema
796 3491 1030 3554 existit
1071 3490 1225 3554 hoc:
1283 3498 1641 3573 antequam
1686 3492 1860 3555 actio
1913 3491 2232 3574 primaria
2284 3492 2366 3556 ad
2419 3493 2623 3557 finem

464 3594 792 3676 pervenit,
861 3594 1247 3658 secundaria
1297 3595 1676 3678 interrupta
1728 3602 1850 3660 est.
1952 3593 2053 3659 Of.
2117 3596 2161 3656 θ
2214 3594 2359 3665 498.
2455 3596 2623 3662 Sen-

463 3697 678 3762 tentia
752 3696 1067 3780 primaria
1137 3704 1254 3760 aut
1325 3697 1780 3761 condicionem
1864 3697 2214 3762 durantem
2286 3700 2623 3783 exprimit,

465 3821 629 3883 quae
709 3798 1005 3865 nondum
1077 3797 1382 3862 absoluta
1460 3806 1623 3877 erat,
1692 3821 1896 3881 quum
1968 3798 2357 3876 secundaria
2420 3801 2627 3866 inter-

466 3904 732 3984 cideret,
788 3902 1007 3982 (velut
1049 3901 1154 3965 his
1200 3923 1363 3984 quos
1394 3901 1591 3966 modo
1636 3903 1837 3966 attuli
1881 3902 2091 3981 locis),
2139 3911 2255 3968 aut
2299 3903 2627 3967 actionem

466 4028 602 4071 non
646 4007 1027 4091 perfectam,
1074 4026 1238 4089 quae
1283 4003 1673 4070 secundaria
1706 4006 2217 4089 superveniente
2245 4004 2624 4088 impeditur,

469 4110 821 4192 quominus
888 4110 1291 4193 perficiatur.
1403 4107 1489 4171 In
1560 4109 1782 4192 priore
1856 4107 2316 4190 exemplorum
2386 4123 2627 4188 genere

2285 4224 2315 4274 3
