3088 4580
492 254 577 322 58

496 443 843 510 interdum·
890 442 1218 527 particula
1262 441 1331 503 ἄν
1376 442 1563 508 deest
1607 444 1816 519 (Οἰκον.
1872 440 1967 520 12,
2020 441 2043 505 1
2098 449 2166 507 et
2210 443 2415 525 Κονηγ.
2463 443 2523 521 3,
2571 443 2656 523 6),

494 547 560 612 id
603 542 777 629 qu'od
831 544 902 610 in
960 545 1151 610 libris
1213 546 1573 611 maioribus
1621 567 1981 628 numquam
2026 546 2334 611 occurrit.
2427 547 2657 630 Neque

492 648 1068 733 praetermittendi
1114 657 1274 713 sunt
1318 648 1445 713 loci
1492 648 1622 714 duo
1667 646 1931 729 (Ἀπομν.
1977 648 2100 724 IV,
2158 647 2218 725 4,
2265 646 2304 712 9
2360 660 2429 714 et
2473 651 2656 711 Οἰκον.

494 751 553 829 7,
617 750 676 829 7,
737 773 1022 834 quorum
1078 752 1250 817 alter
1305 760 1461 817 ante
1525 752 2046 828 coniunctivnm,
2113 751 2289 816 alter
2341 762 2496 817 ante
2555 754 2656 818 in-

492 854 890 920 dicativum·
924 857 1049 938 ποίν
1102 877 1174 936 γε
1238 853 1544 933 exhibet3
1603 876 1770 937 quac
1838 853 2126 920 formula
2189 854 2365 939 apud
2430 877 2657 920 omnes

496 958 877 1023 Atticorum
944 959 1302 1043 scriptores
1369 957 1708 1042 pedestres
1778 956 2095 1035 inaudita,
2163 980 2202 1021 a
2270 956 2659 1046 Thucydide

495 1060 598 1126 bis
642 1069 900 1127 tantum
948 1062 1015 1126 in
1070 1062 1356 1128 formula
1411 1064 1535 1144 πρίν
1591 1082 1662 1141 γε
1718 1062 1790 1142 δή
1850 1069 2172 1143 usurpata
2231 1068 2266 1124 e
2323 1060 2662 1144 tragoedia

495 1164 772 1229 fluxisse
844 1164 1131 1231 videtur.
1255 1163 1481 1246 Quum
1556 1172 1778 1229 autem
1851 1163 2218 1247 singularia
2290 1161 2454 1228 haec
2524 1185 2660 1229 non

496 1274 840 1350 tantopere
910 1269 1197 1346 valeant,
1264 1277 1342 1333 ut
1407 1268 1481 1333 in
1546 1268 1941 1333 universum
2006 1265 2404 1332 concludere
2468 1268 2660 1333 nobis

495 1368 711 1447 liceat,
770 1393 1104 1454 quumque
1165 1371 1474 1436 nonnulli
1535 1370 2012 1448 commentarii,
2074 1370 2265 1435 velut
2315 1371 2428 1452 qui
2473 1371 2656 1452 πόροι,

495 1470 971 1554 Λακεδαιμονίων
1044 1475 1314 1546 πολιτεία,
1401 1474 1682 1554 ἀπολογία
1755 1474 2117 1557 Σωκράτους
2184 1473 2654 1549 inscribuntur,

495 1583 770 1659 propter
813 1576 1108 1661 inopiam
1166 1578 1628 1661 exemplorum
1682 1578 1942 1642 nullam
1986 1576 2180 1642 nobis
2237 1575 2659 1660 suppeditent

498 1677 903 1759 dijudicandi
956 1681 1322 1758 materiem,
1387 1680 1707 1746 iudicium
1775 1681 1855 1746 de
1922 1680 2273 1746 authentia
2339 1678 2661 1744 librorum

498 1784 832 1848 minorum
878 1783 1053 1848 ferre
1098 1806 1235 1849 non
1278 1783 1507 1850 audeo,

670 1887 1024 1952 Postremo
1055 1887 1199 1952 loco
1231 1886 1470 1971 quibus
1501 1888 1699 1953 rebus
1732 1886 2153 1972 Thucydides
2185 1894 2252 1951 et
2283 1886 2662 1970 Xenophon

489 1989 569 2054 in
615 1991 737 2072 ποίν
782 1991 1111 2075 particula
1154 1991 1602 2056 construenda
1643 1991 1822 2055 inter
1866 2011 1937 2054 se
1982 1997 2370 2074 congruant,
2424 1988 2662 2071 quibus

499 2093 896 2178 discrepent,
983 2094 1174 2160 brevi
1261 2093 1837 2211 comprehendam.
1956 2091 2204 2158 Orator
2208 2112 2317 2155 um
2402 2111 2663 2173 quoque

501 2198 885 2263 Atticorum
942 2219 1157 2275 usum,
1219 2198 1435 2281 qualis
1493 2198 1566 2263 in
1626 2195 1905 2262 Luethii
1957 2194 2419 2260 dissertatione
2475 2214 2662 2257 accu-

500 2301 712 2366 ratius
754 2280 1127 2386 descriptus
1172 2312 1295 2380 est,
1342 2303 1415 2366 in
1459 2301 2021 2385 comparationem
2065 2298 2338 2376 vocabo,
2384 2306 2461 2362 ut
2504 2319 2664 2380 quo-

501 2402 694 2469 modo
720 2404 1050 2469 vetustior
1077 2406 1460 2471 Atticorum
1484 2405 1697 2469 oratio
1722 2401 2050 2539 pedestris
2073 2401 2244 2466 hanc
2267 2400 2662 2484 particulam

501 2507 896 2585 adhibuerit,
943 2517 1273 2590 appareat.

668 2610 724 2676 I.
793 2610 899 2674 De
949 2610 1275 2676 infinitivi
1332 2610 1732 2694 particulam
1796 2611 1920 2691 πρίν
1986 2607 2324 2692 sequentis
2383 2628 2509 2671 usu
2563 2605 2658 2669 sic

500 2722 752 2780 statuo:
818 2763 823 2770 .

638 2819 698 2892 1)
762 2816 1183 2900 Thucydides
1234 2817 1645 2884 infinitivum
1701 2817 2002 2901 sexagies
2047 2815 2290 2899 septies
2335 2809 2657 2888 adhibuit,

760 2939 892 2983 uno
960 2927 1029 2984 et
1092 2911 1529 3004 quadraginta
1592 2920 1756 2984 locis
1827 2919 2078 2998 aci-isti,
2147 2916 2433 2982 sedecim
2496 2913 2662 2979 locis

761 3023 1149 3105 praesentis,
1208 3044 1489 3105 quorum
1547 3044 1664 3087 sex
1717 3019 1923 3089 verba
1974 3017 2457 3106 proficiscendi,
2526 3024 2661 3082 tres

759 3124 1175 3189 infinitivum
1231 3124 1390 3196 εἶναι,
1444 3147 1618 3190 unus
1684 3126 2098 3191 infinitivum
2152 3123 2305 3205 ἥκειν
2370 3118 2659 3205 praebet.

761 3225 828 3289 N
829 3226 1052 3291 ctione
1098 3226 1310 3292 futuri
1354 3226 1784 3292 antecedente
1829 3238 1965 3293 tres
2013 3235 2275 3293 tantum
2306 3232 2663 3292 occurrunt

759 3329 1128 3412 praesentis
1197 3330 1524 3396 infinitivi
1601 3327 1801 3414 (ἔχειν,
1868 3329 2039 3410 ἥκειν,
2106 3327 2371 3406 ἐκπλεῖν).
2482 3328 2658 3391 Item

762 3431 1181 3496 enuntiatum
1225 3434 1633 3518 negativum,
1680 3432 1856 3516 quod
1901 3432 2116 3497 sexies
2161 3429 2514 3509 antecedit,
2561 3439 2665 3495 ter

763 3535 1065 3617 sequitur
1092 3536 1460 3619 praesentis
1483 3536 1885 3602 infinitivus.
1932 3534 2349 3601 Vocabulum
2380 3536 2665 3618 πρότερον

762 3644 916 3701 ante
956 3636 1372 3704 infinitivum
1404 3659 1540 3703 non
1570 3639 1935 3721 invenitur,
1980 3641 2111 3705 nisi
2141 3646 2457 3724 quattuor
2501 3639 2664 3705 locis

762 3761 913 3804 cum
956 3738 995 3822 ἦ
1038 3740 1485 3818 coniunctum,
1532 3763 1569 3805 e
1613 3740 1852 3823 quibus
1899 3764 2069 3808 unus
2126 3750 2229 3807 est
2289 3742 2662 3827 negativus,

632 3843 699 3918 2)
769 3843 1152 3928 Xenophon
1209 3843 1622 3908 infinitivum
1680 3845 1929 3909 centies
1986 3846 2229 3929 septies
2289 3844 2661 3928 usurpavit,

764 3956 998 4028 quater
1041 3953 1110 4010 et
1152 3947 1525 4030 septuagies
1572 3947 1824 4026 aoristi,
1872 3948 2075 4012 semel
2118 3956 2187 4013 et
2221 3947 2447 4014 tricies
2477 3967 2664 4030 prae-

759 4049 969 4112 sentis
1027 4055 1183 4131 (quo
1242 4049 1314 4112 in
1368 4070 1646 4114 numero
1702 4051 1946 4134 septies
1994 4051 2153 4123 εἶναι,
2210 4050 2415 4116 semel
2461 4048 2661 4131 ἥκειν).

763 4149 865 4214 bis
952 4152 1250 4233 perfecti.
1360 4147 1721 4218 Notionem
1810 4153 2019 4219 futuri
2097 4152 2443 4219 duodecies
2532 4152 2658 4215 iam
