<?xml version="1.0" encoding="UTF-8"?>
<!DOCTYPE html PUBLIC "-//W3C//DTD XHTML 1.0 Transitional//EN"
    "http://www.w3.org/TR/xhtml1/DTD/xhtml1-transitional.dtd">
<html xmlns="http://www.w3.org/1999/xhtml" xml:lang="en" lang="en">
 <head>
  <title>
</title>
<meta http-equiv="Content-Type" content="text/html;charset=utf-8" />
  <meta name='ocr-system' content='tesseract 3.04.00' />
  <meta name='ocr-capabilities' content='ocr_page ocr_carea ocr_par ocr_line ocrx_word'/>
</head>
<body>
  <div class='ocr_page' id='page_1' title='image "./deusuparticulae00wagngoog_0013.png"; bbox 0 0 3088 4580; ppageno 0'>
   <div class='ocr_carea' id='block_1_1' title="bbox 2560 282 2600 350">
    <p class='ocr_par' dir='ltr' id='par_1_1' title="bbox 2560 282 2600 350">
     <span class='ocr_line' id='line_1_1' title="bbox 2560 282 2600 350; baseline 0 0"><span class='ocrx_word' id='word_1_1' title='bbox 2560 282 2600 350; x_wconf 82' lang='lat'>5</span> 
     </span>
    </p>
   </div>
   <div class='ocr_carea' id='block_1_2' title="bbox 436 474 2603 3244">
    <p class='ocr_par' dir='ltr' id='par_1_2' title="bbox 436 474 2603 3244">
     <span class='ocr_line' id='line_1_2' title="bbox 438 474 2601 558; baseline 0 -20"><span class='ocrx_word' id='word_1_2' title='bbox 438 474 865 540; x_wconf 74' lang='lat' dir='ltr'>arbitrantur.</span> <span class='ocrx_word' id='word_1_3' title='bbox 959 474 1132 538; x_wconf 88' lang='lat' dir='ltr'>Mihi</span> <span class='ocrx_word' id='word_1_4' title='bbox 1187 475 1453 557; x_wconf 88' lang='lat' dir='ltr'>quidem</span> <span class='ocrx_word' id='word_1_5' title='bbox 1506 497 1895 558; x_wconf 87' lang='lat' dir='ltr'>persuasum</span> <span class='ocrx_word' id='word_1_6' title='bbox 1953 484 2055 539; x_wconf 85' lang='lat' dir='ltr'>est</span> <span class='ocrx_word' id='word_1_7' title='bbox 2099 475 2251 556; x_wconf 81' lang='grc' dir='ltr'><em>πρίν</em></span> <span class='ocrx_word' id='word_1_8' title='bbox 2308 474 2601 540; x_wconf 89' lang='lat' dir='ltr'>adver-</span> 
     </span>
     <span class='ocr_line' id='line_1_3' title="bbox 438 578 2603 667; baseline 0 -24"><span class='ocrx_word' id='word_1_9' title='bbox 438 578 652 644; x_wconf 88' lang='lat' dir='ltr'>bium</span> <span class='ocrx_word' id='word_1_10' title='bbox 698 579 895 642; x_wconf 84' lang='lat' dir='ltr'>duas</span> <span class='ocrx_word' id='word_1_11' title='bbox 939 579 1414 667; x_wconf 81' lang='lat' dir='ltr'>ingressum</span> <span class='ocrx_word' id='word_1_12' title='bbox 1458 598 1638 641; x_wconf 87' lang='lat' dir='ltr'>esse</span> <span class='ocrx_word' id='word_1_13' title='bbox 1684 579 1893 656; x_wconf 78' lang='lat' dir='ltr'>viae,</span> <span class='ocrx_word' id='word_1_14' title='bbox 1947 600 2289 661; x_wconf 87' lang='lat' dir='ltr'>quarum</span> <span class='ocrx_word' id='word_1_15' title='bbox 2332 579 2603 643; x_wconf 88' lang='lat' dir='ltr'>altera</span> 
     </span>
     <span class='ocr_line' id='line_1_4' title="bbox 438 680 2602 765; baseline -0 -19"><span class='ocrx_word' id='word_1_16' title='bbox 438 691 518 747; x_wconf 89' lang='lat' dir='ltr'>et</span> <span class='ocrx_word' id='word_1_17' title='bbox 560 682 713 746; x_wconf 86' lang='lat' dir='ltr'>illa</span> <span class='ocrx_word' id='word_1_18' title='bbox 756 681 1079 765; x_wconf 83' lang='lat' dir='ltr'>quidem</span> <span class='ocrx_word' id='word_1_19' title='bbox 1127 681 1353 765; x_wconf 88' lang='lat' dir='ltr'>prior</span> <span class='ocrx_word' id='word_1_20' title='bbox 1398 680 1495 744; x_wconf 89' lang='lat' dir='ltr'>ad</span> <span class='ocrx_word' id='word_1_21' title='bbox 1549 681 2118 761; x_wconf 87' lang='lat' dir='ltr'>infinitivum,</span> <span class='ocrx_word' id='word_1_22' title='bbox 2174 681 2455 747; x_wconf 86' lang='lat' dir='ltr'>altera</span> <span class='ocrx_word' id='word_1_23' title='bbox 2508 680 2602 746; x_wconf 88' lang='lat' dir='ltr'>ad</span> 
     </span>
     <span class='ocr_line' id='line_1_5' title="bbox 437 783 2598 868; baseline 0 -19"><span class='ocrx_word' id='word_1_24' title='bbox 437 785 754 849; x_wconf 85' lang='lat' dir='ltr'>modum</span> <span class='ocrx_word' id='word_1_25' title='bbox 802 784 1139 848; x_wconf 89' lang='lat' dir='ltr'>finitum</span> <span class='ocrx_word' id='word_1_26' title='bbox 1182 783 1465 848; x_wconf 84' lang='lat' dir='ltr'>fuerit.</span> <span class='ocrx_word' id='word_1_27' title='bbox 1544 784 1779 866; x_wconf 87' lang='lat' dir='ltr'>Itaque</span> <span class='ocrx_word' id='word_1_28' title='bbox 1809 785 2029 868; x_wconf 87' lang='lat' dir='ltr'>priore</span> <span class='ocrx_word' id='word_1_29' title='bbox 2062 784 2207 849; x_wconf 95' lang='lat' dir='ltr'>loco</span> <span class='ocrx_word' id='word_1_30' title='bbox 2238 785 2598 868; x_wconf 86' lang='lat' dir='ltr'>quaeritur,</span> 
     </span>
     <span class='ocr_line' id='line_1_6' title="bbox 437 887 2602 972; baseline 0.001 -20"><span class='ocrx_word' id='word_1_31' title='bbox 437 887 763 971; x_wconf 86' lang='lat' dir='ltr'>quomodo</span> <span class='ocrx_word' id='word_1_32' title='bbox 808 887 1059 952; x_wconf 84' lang='lat' dir='ltr'>factum</span> <span class='ocrx_word' id='word_1_33' title='bbox 1104 888 1211 965; x_wconf 90' lang='lat' dir='ltr'>sit,</span> <span class='ocrx_word' id='word_1_34' title='bbox 1273 895 1349 951; x_wconf 90' lang='lat' dir='ltr'>ut</span> <span class='ocrx_word' id='word_1_35' title='bbox 1404 909 1489 952; x_wconf 83' lang='lat' dir='ltr'>ex</span> <span class='ocrx_word' id='word_1_36' title='bbox 1533 887 1849 952; x_wconf 86' lang='lat' dir='ltr'>adverbio</span> <span class='ocrx_word' id='word_1_37' title='bbox 1896 890 2018 971; x_wconf 80' lang='grc' dir='ltr'><em>πρίν</em></span> <span class='ocrx_word' id='word_1_38' title='bbox 2070 887 2399 972; x_wconf 85' lang='lat' dir='ltr'>particula</span> <span class='ocrx_word' id='word_1_39' title='bbox 2448 888 2602 954; x_wconf 85' lang='lat' dir='ltr'>infi-</span> 
     </span>
     <span class='ocr_line' id='line_1_7' title="bbox 437 990 2600 1076; baseline -0.001 -20"><span class='ocrx_word' id='word_1_40' title='bbox 437 993 730 1056; x_wconf 87' lang='lat' dir='ltr'>nitivum</span> <span class='ocrx_word' id='word_1_41' title='bbox 761 1013 997 1076; x_wconf 84' lang='lat' dir='ltr'>regens</span> <span class='ocrx_word' id='word_1_42' title='bbox 1029 990 1357 1057; x_wconf 84' lang='lat' dir='ltr'>evaderet.</span> <span class='ocrx_word' id='word_1_43' title='bbox 1425 992 1582 1056; x_wconf 90' lang='lat' dir='ltr'>Viri</span> <span class='ocrx_word' id='word_1_44' title='bbox 1606 991 1712 1056; x_wconf 92' lang='lat' dir='ltr'>illi</span> <span class='ocrx_word' id='word_1_45' title='bbox 1743 991 2110 1057; x_wconf 79' lang='lat' dir='ltr'>doctissimi</span> <span class='ocrx_word' id='word_1_46' title='bbox 2142 992 2600 1057; x_wconf 87' lang='lat' dir='ltr'>correlationis</span> 
     </span>
     <span class='ocr_line' id='line_1_8' title="bbox 439 1086 2600 1178; baseline 0.001 -20"><span class='ocrx_word' id='word_1_47' title='bbox 439 1094 738 1178; x_wconf 90' lang='lat' dir='ltr'>opinioni</span> <span class='ocrx_word' id='word_1_48' title='bbox 799 1095 998 1158; x_wconf 88' lang='lat' dir='ltr'>nimis</span> <span class='ocrx_word' id='word_1_49' title='bbox 1053 1093 1473 1178; x_wconf 76' lang='lat' dir='ltr'>indulgentes</span> <span class='ocrx_word' id='word_1_50' title='bbox 1535 1094 1705 1159; x_wconf 85' lang='lat' dir='ltr'>hane</span> <span class='ocrx_word' id='word_1_51' title='bbox 1753 1086 2245 1174; x_wconf 82' lang='lat' dir='ltr'>difficultatem,</span> <span class='ocrx_word' id='word_1_52' title='bbox 2309 1117 2475 1178; x_wconf 90' lang='lat' dir='ltr'>quae</span> <span class='ocrx_word' id='word_1_53' title='bbox 2528 1096 2600 1159; x_wconf 90' lang='lat' dir='ltr'>in</span> 
     </span>
     <span class='ocr_line' id='line_1_9' title="bbox 438 1198 2597 1283; baseline 0 -21"><span class='ocrx_word' id='word_1_54' title='bbox 438 1199 693 1283; x_wconf 78' lang='lat' dir='ltr'>origine</span> <span class='ocrx_word' id='word_1_55' title='bbox 758 1198 1084 1263; x_wconf 87' lang='lat' dir='ltr'>infinitivi</span> <span class='ocrx_word' id='word_1_56' title='bbox 1141 1219 1180 1262; x_wconf 86' lang='lat' dir='ltr'>a</span> <span class='ocrx_word' id='word_1_57' title='bbox 1241 1199 1364 1280; x_wconf 70' lang='grc' dir='ltr'><em>πρίν</em></span> <span class='ocrx_word' id='word_1_58' title='bbox 1419 1198 1743 1282; x_wconf 84' lang='lat' dir='ltr'>particula</span> <span class='ocrx_word' id='word_1_59' title='bbox 1802 1198 2152 1282; x_wconf 88' lang='lat' dir='ltr'>pendentis</span> <span class='ocrx_word' id='word_1_60' title='bbox 2208 1199 2426 1282; x_wconf 86' lang='lat' dir='ltr'>posita</span> <span class='ocrx_word' id='word_1_61' title='bbox 2477 1208 2597 1276; x_wconf 86' lang='lat' dir='ltr'>est,</span> 
     </span>
     <span class='ocr_line' id='line_1_10' title="bbox 436 1300 2596 1386; baseline -0 -20"><span class='ocrx_word' id='word_1_62' title='bbox 436 1301 999 1385; x_wconf 87' lang='lat' dir='ltr'>subterfugerunt.</span> <span class='ocrx_word' id='word_1_63' title='bbox 1054 1300 1157 1365; x_wconf 86' lang='lat' dir='ltr'>Ad</span> <span class='ocrx_word' id='word_1_64' title='bbox 1187 1300 1358 1365; x_wconf 92' lang='lat' dir='ltr'>illud</span> <span class='ocrx_word' id='word_1_65' title='bbox 1380 1301 1627 1386; x_wconf 84' lang='lat' dir='ltr'>Langii</span> <span class='ocrx_word' id='word_1_66' title='bbox 1645 1323 1657 1365; x_wconf 92' lang='lat'>:</span> <span class='ocrx_word' id='word_1_67' title='bbox 1677 1303 1722 1379; x_wconf 83' lang='lat'>¹)</span> <span class='ocrx_word' id='word_1_68' title='bbox 1755 1301 1985 1378; x_wconf 86' lang='lat' dir='ltr'>,Nicht</span> <span class='ocrx_word' id='word_1_69' title='bbox 2010 1300 2155 1365; x_wconf 91' lang='lat' dir='ltr'>bles</span> <span class='ocrx_word' id='word_1_70' title='bbox 2180 1300 2293 1365; x_wconf 86' lang='lat' dir='ltr'>das</span> <span class='ocrx_word' id='word_1_71' title='bbox 2321 1301 2596 1367; x_wconf 88' lang='lat' dir='ltr'>verbum</span> 
     </span>
     <span class='ocr_line' id='line_1_11' title="bbox 436 1387 2599 1484; baseline 0 -15"><span class='ocrx_word' id='word_1_72' title='bbox 436 1387 724 1484; x_wconf 78' lang='lat' dir='ltr'>finitum,</span> <span class='ocrx_word' id='word_1_73' title='bbox 793 1404 1081 1469; x_wconf 87' lang='lat' dir='ltr'>sondern</span> <span class='ocrx_word' id='word_1_74' title='bbox 1147 1403 1318 1468; x_wconf 90' lang='lat' dir='ltr'>auch</span> <span class='ocrx_word' id='word_1_75' title='bbox 1387 1403 1500 1467; x_wconf 89' lang='lat' dir='ltr'>das</span> <span class='ocrx_word' id='word_1_76' title='bbox 1567 1424 1811 1468; x_wconf 89' lang='lat' dir='ltr'>nomen</span> <span class='ocrx_word' id='word_1_77' title='bbox 1880 1403 2407 1480; x_wconf 86' lang='lat' dir='ltr'>(substantivum</span> <span class='ocrx_word' id='word_1_78' title='bbox 2471 1404 2599 1469; x_wconf 87' lang='lat' dir='ltr'>wie</span> 
     </span>
     <span class='ocr_line' id='line_1_12' title="bbox 437 1500 2601 1590; baseline 0 -19"><span class='ocrx_word' id='word_1_79' title='bbox 437 1500 887 1590; x_wconf 78' lang='lat' dir='ltr'>adjectivum),</span> <span class='ocrx_word' id='word_1_80' title='bbox 945 1502 1021 1588; x_wconf 78' lang='lat' dir='ltr'>ja</span> <span class='ocrx_word' id='word_1_81' title='bbox 1087 1527 1280 1590; x_wconf 78' lang='lat' dir='ltr'>sogal·</span> <span class='ocrx_word' id='word_1_82' title='bbox 1346 1507 1493 1571; x_wconf 90' lang='lat' dir='ltr'>eine</span> <span class='ocrx_word' id='word_1_83' title='bbox 1562 1504 1940 1571; x_wconf 86' lang='lat' dir='ltr'>bestimmte</span> <span class='ocrx_word' id='word_1_84' title='bbox 2008 1507 2373 1573; x_wconf 85' lang='lat' dir='ltr'>casusform</span> <span class='ocrx_word' id='word_1_85' title='bbox 2442 1507 2601 1572; x_wconf 88' lang='lat' dir='ltr'>oder</span> 
     </span>
     <span class='ocr_line' id='line_1_13' title="bbox 437 1608 2599 1695; baseline 0 -20"><span class='ocrx_word' id='word_1_86' title='bbox 437 1611 605 1675; x_wconf 86' lang='lat' dir='ltr'>auch</span> <span class='ocrx_word' id='word_1_87' title='bbox 664 1611 771 1674; x_wconf 92' lang='lat' dir='ltr'>ein</span> <span class='ocrx_word' id='word_1_88' title='bbox 829 1608 1240 1687; x_wconf 80' lang='lat' dir='ltr'>adverbium,</span> <span class='ocrx_word' id='word_1_89' title='bbox 1311 1610 1911 1694; x_wconf 80' lang='lat' dir='ltr'>beziehungsweise</span> <span class='ocrx_word' id='word_1_90' title='bbox 1978 1611 2088 1674; x_wconf 92' lang='lat' dir='ltr'>ein</span> <span class='ocrx_word' id='word_1_91' title='bbox 2144 1609 2352 1676; x_wconf 88' lang='lat' dir='ltr'>durch</span> <span class='ocrx_word' id='word_1_92' title='bbox 2413 1631 2599 1695; x_wconf 88' lang='lat' dir='ltr'>prae-</span> 
     </span>
     <span class='ocr_line' id='line_1_14' title="bbox 439 1711 2601 1796; baseline 0 -19"><span class='ocrx_word' id='word_1_93' title='bbox 439 1714 726 1796; x_wconf 89' lang='lat' dir='ltr'>position</span> <span class='ocrx_word' id='word_1_94' title='bbox 772 1712 908 1776; x_wconf 93' lang='lat' dir='ltr'>und</span> <span class='ocrx_word' id='word_1_95' title='bbox 954 1733 1142 1776; x_wconf 87' lang='lat' dir='ltr'>casus</span> <span class='ocrx_word' id='word_1_96' title='bbox 1187 1711 1555 1796; x_wconf 84' lang='lat' dir='ltr'>gebildeter</span> <span class='ocrx_word' id='word_1_97' title='bbox 1599 1712 2041 1777; x_wconf 85' lang='lat' dir='ltr'>adverbieller</span> <span class='ocrx_word' id='word_1_98' title='bbox 2095 1713 2429 1778; x_wconf 87' lang='lat' dir='ltr'>ausdruck</span> <span class='ocrx_word' id='word_1_99' title='bbox 2485 1714 2601 1778; x_wconf 86' lang='lat' dir='ltr'>hat</span> 
     </span>
     <span class='ocr_line' id='line_1_15' title="bbox 439 1814 2599 1900; baseline 0.001 -20"><span class='ocrx_word' id='word_1_100' title='bbox 439 1816 544 1880; x_wconf 87' lang='lat' dir='ltr'>die</span> <span class='ocrx_word' id='word_1_101' title='bbox 587 1815 955 1900; x_wconf 84' lang='lat' dir='ltr'>fachigkeit</span> <span class='ocrx_word' id='word_1_102' title='bbox 997 1816 1067 1881; x_wconf 86' lang='lat' dir='ltr'>in</span> <span class='ocrx_word' id='word_1_103' title='bbox 1114 1816 1275 1894; x_wconf 90' lang='lat' dir='ltr'>sich,</span> <span class='ocrx_word' id='word_1_104' title='bbox 1320 1814 1742 1899; x_wconf 87' lang='lat' dir='ltr'>praedikativ</span> <span class='ocrx_word' id='word_1_105' title='bbox 1772 1815 2159 1881; x_wconf 89' lang='lat' dir='ltr'>verwendet</span> <span class='ocrx_word' id='word_1_106' title='bbox 2198 1839 2280 1881; x_wconf 82' lang='lat' dir='ltr'>zu</span> <span class='ocrx_word' id='word_1_107' title='bbox 2312 1817 2599 1882; x_wconf 82' lang='lat' dir='ltr'>werden‘</span> 
     </span>
     <span class='ocr_line' id='line_1_16' title="bbox 439 1917 2601 2002; baseline 0 -18"><span class='ocrx_word' id='word_1_108' title='bbox 439 1920 627 2002; x_wconf 87' lang='lat' dir='ltr'>quasi</span> <span class='ocrx_word' id='word_1_109' title='bbox 691 1920 762 1983; x_wconf 91' lang='lat' dir='ltr'>in</span> <span class='ocrx_word' id='word_1_110' title='bbox 829 1919 1210 2002; x_wconf 84' lang='lat' dir='ltr'>confugium</span> <span class='ocrx_word' id='word_1_111' title='bbox 1276 1939 1419 1982; x_wconf 85' lang='lat' dir='ltr'>sese</span> <span class='ocrx_word' id='word_1_112' title='bbox 1473 1919 1822 2002; x_wconf 88' lang='lat' dir='ltr'>recipiunt.</span> <span class='ocrx_word' id='word_1_113' title='bbox 1928 1917 2114 1999; x_wconf 75' lang='lat' dir='ltr'>Quae</span> <span class='ocrx_word' id='word_1_114' title='bbox 2170 1941 2303 1985; x_wconf 88' lang='lat' dir='ltr'>vox</span> <span class='ocrx_word' id='word_1_115' title='bbox 2363 1920 2444 1985; x_wconf 87' lang='lat' dir='ltr'>ad</span> <span class='ocrx_word' id='word_1_116' title='bbox 2497 1921 2601 1985; x_wconf 91' lang='lat' dir='ltr'>in-</span> 
     </span>
     <span class='ocr_line' id='line_1_17' title="bbox 441 2021 2513 2088; baseline 0 -2"><span class='ocrx_word' id='word_1_117' title='bbox 441 2024 672 2087; x_wconf 88' lang='lat' dir='ltr'>timam</span> <span class='ocrx_word' id='word_1_118' title='bbox 728 2023 826 2087; x_wconf 89' lang='lat' dir='ltr'>rei</span> <span class='ocrx_word' id='word_1_119' title='bbox 870 2022 1198 2087; x_wconf 88' lang='lat' dir='ltr'>rationem</span> <span class='ocrx_word' id='word_1_120' title='bbox 1242 2022 1715 2086; x_wconf 82' lang='lat' dir='ltr'>enucleandam</span> <span class='ocrx_word' id='word_1_121' title='bbox 1758 2021 1936 2086; x_wconf 89' lang='lat' dir='ltr'>haud</span> <span class='ocrx_word' id='word_1_122' title='bbox 1979 2022 2266 2087; x_wconf 89' lang='lat' dir='ltr'>multum</span> <span class='ocrx_word' id='word_1_123' title='bbox 2312 2023 2513 2088; x_wconf 89' lang='lat' dir='ltr'>valet.</span> 
     </span>
     <span class='ocr_line' id='line_1_18' title="bbox 609 2124 2600 2211; baseline 0.004 -25"><span class='ocrx_word' id='word_1_124' title='bbox 609 2127 745 2209; x_wconf 80' lang='grc' dir='ltr'><em>ΙΙρίν</em></span> <span class='ocrx_word' id='word_1_125' title='bbox 790 2125 1057 2210; x_wconf 87' lang='lat' dir='ltr'>proprie</span> <span class='ocrx_word' id='word_1_126' title='bbox 1101 2124 1489 2191; x_wconf 83' lang='lat' dir='ltr'>adverbium</span> <span class='ocrx_word' id='word_1_127' title='bbox 1534 2146 1677 2190; x_wconf 87' lang='lat' dir='ltr'>esse</span> <span class='ocrx_word' id='word_1_128' title='bbox 1722 2132 1919 2208; x_wconf 89' lang='lat' dir='ltr'>atque</span> <span class='ocrx_word' id='word_1_129' title='bbox 1949 2125 2073 2190; x_wconf 83' lang='lat' dir='ltr'>hac</span> <span class='ocrx_word' id='word_1_130' title='bbox 2115 2126 2600 2211; x_wconf 86' lang='lat' dir='ltr'>significatione</span> 
     </span>
     <span class='ocr_line' id='line_1_19' title="bbox 440 2228 2599 2314; baseline 0.002 -20"><span class='ocrx_word' id='word_1_131' title='bbox 440 2229 812 2314; x_wconf 82' lang='lat' dir='ltr'>praeditum</span> <span class='ocrx_word' id='word_1_132' title='bbox 877 2228 1052 2295; x_wconf 85' lang='lat' dir='ltr'>haud</span> <span class='ocrx_word' id='word_1_133' title='bbox 1118 2251 1266 2295; x_wconf 85' lang='lat' dir='ltr'>raro</span> <span class='ocrx_word' id='word_1_134' title='bbox 1334 2230 1404 2295; x_wconf 89' lang='lat' dir='ltr'>in</span> <span class='ocrx_word' id='word_1_135' title='bbox 1448 2230 1728 2295; x_wconf 88' lang='lat' dir='ltr'>Homeri</span> <span class='ocrx_word' id='word_1_136' title='bbox 1796 2230 2198 2296; x_wconf 76' lang='lat' dir='ltr'>carminibus</span> <span class='ocrx_word' id='word_1_137' title='bbox 2257 2253 2599 2299; x_wconf 89' lang='lat' dir='ltr'>occurrere</span> 
     </span>
     <span class='ocr_line' id='line_1_20' title="bbox 440 2332 2597 2414; baseline 0.002 -18"><span class='ocrx_word' id='word_1_138' title='bbox 440 2355 632 2397; x_wconf 88' lang='lat' dir='ltr'>nemo</span> <span class='ocrx_word' id='word_1_139' title='bbox 688 2334 825 2397; x_wconf 84' lang='lat' dir='ltr'>fere</span> <span class='ocrx_word' id='word_1_140' title='bbox 882 2332 1358 2407; x_wconf 82' lang='lat' dir='ltr'>infitiabitur.2)</span> <span class='ocrx_word' id='word_1_141' title='bbox 1449 2332 1678 2414; x_wconf 74' lang='lat' dir='ltr'>Quid?</span> <span class='ocrx_word' id='word_1_142' title='bbox 1766 2332 2004 2398; x_wconf 89' lang='lat' dir='ltr'>Nonne</span> <span class='ocrx_word' id='word_1_143' title='bbox 2058 2334 2203 2398; x_wconf 91' lang='lat' dir='ltr'>iure</span> <span class='ocrx_word' id='word_1_144' title='bbox 2257 2336 2597 2414; x_wconf 83' lang='lat' dir='ltr'>miramur,</span> 
     </span>
     <span class='ocr_line' id='line_1_21' title="bbox 440 2434 2599 2529; baseline 0.002 -30"><span class='ocrx_word' id='word_1_145' title='bbox 440 2436 612 2518; x_wconf 89' lang='lat' dir='ltr'>quod</span> <span class='ocrx_word' id='word_1_146' title='bbox 667 2436 841 2501; x_wconf 89' lang='lat' dir='ltr'>idem</span> <span class='ocrx_word' id='word_1_147' title='bbox 897 2434 1294 2502; x_wconf 75' lang='lat' dir='ltr'>vocabulum</span> <span class='ocrx_word' id='word_1_148' title='bbox 1351 2438 1735 2522; x_wconf 85' lang='lat' dir='ltr'>saepissime</span> <span class='ocrx_word' id='word_1_149' title='bbox 1792 2436 1968 2529; x_wconf 76' lang='lat' dir='ltr'>apud</span> <span class='ocrx_word' id='word_1_150' title='bbox 2024 2438 2393 2504; x_wconf 85' lang='lat' dir='ltr'>Homerum</span> <span class='ocrx_word' id='word_1_151' title='bbox 2449 2461 2599 2504; x_wconf 90' lang='lat' dir='ltr'>cum</span> 
     </span>
     <span class='ocr_line' id='line_1_22' title="bbox 437 2539 2600 2624; baseline 0.002 -21"><span class='ocrx_word' id='word_1_152' title='bbox 437 2539 775 2604; x_wconf 86' lang='lat' dir='ltr'>infinitivo</span> <span class='ocrx_word' id='word_1_153' title='bbox 823 2540 1245 2605; x_wconf 89' lang='lat' dir='ltr'>coniunctum</span> <span class='ocrx_word' id='word_1_154' title='bbox 1298 2540 1620 2620; x_wconf 89' lang='lat' dir='ltr'>videmus,</span> <span class='ocrx_word' id='word_1_155' title='bbox 1689 2562 2087 2624; x_wconf 87' lang='lat' dir='ltr'>quamquam</span> <span class='ocrx_word' id='word_1_156' title='bbox 2137 2542 2516 2608; x_wconf 84' lang='lat' dir='ltr'>infinitivus</span> <span class='ocrx_word' id='word_1_157' title='bbox 2562 2566 2600 2607; x_wconf 87' lang='lat' dir='ltr'>a</span> 
     </span>
     <span class='ocr_line' id='line_1_23' title="bbox 437 2643 2596 2730; baseline 0.002 -24"><span class='ocrx_word' id='word_1_158' title='bbox 437 2644 920 2727; x_wconf 83' lang='lat' dir='ltr'>praepositione</span> <span class='ocrx_word' id='word_1_159' title='bbox 966 2646 1109 2709; x_wconf 87' lang='lat' dir='ltr'>sive</span> <span class='ocrx_word' id='word_1_160' title='bbox 1152 2645 1424 2709; x_wconf 90' lang='lat' dir='ltr'>notione</span> <span class='ocrx_word' id='word_1_161' title='bbox 1469 2643 1837 2709; x_wconf 86' lang='lat' dir='ltr'>adverbiali</span> <span class='ocrx_word' id='word_1_162' title='bbox 1883 2645 2176 2728; x_wconf 87' lang='lat' dir='ltr'>pendens</span> <span class='ocrx_word' id='word_1_163' title='bbox 2217 2647 2596 2730; x_wconf 87' lang='lat' dir='ltr'>ceteroquin</span> 
     </span>
     <span class='ocr_line' id='line_1_24' title="bbox 438 2746 2600 2833; baseline 0.002 -24"><span class='ocrx_word' id='word_1_164' title='bbox 438 2768 475 2809; x_wconf 91' lang='lat' dir='ltr'>a</span> <span class='ocrx_word' id='word_1_165' title='bbox 519 2746 806 2810; x_wconf 87' lang='lat' dir='ltr'>dictione</span> <span class='ocrx_word' id='word_1_166' title='bbox 851 2747 1209 2811; x_wconf 84' lang='lat' dir='ltr'>Homerica</span> <span class='ocrx_word' id='word_1_167' title='bbox 1252 2748 1611 2812; x_wconf 85' lang='lat' dir='ltr'>abhorret?</span> <span class='ocrx_word' id='word_1_168' title='bbox 1698 2747 2044 2828; x_wconf 73' lang='lat' dir='ltr'>Quomodo</span> <span class='ocrx_word' id='word_1_169' title='bbox 2089 2749 2295 2832; x_wconf 84' lang='lat' dir='ltr'>igitur</span> <span class='ocrx_word' id='word_1_170' title='bbox 2339 2750 2409 2814; x_wconf 87' lang='lat' dir='ltr'>in</span> <span class='ocrx_word' id='word_1_171' title='bbox 2455 2750 2600 2833; x_wconf 84' lang='lat' dir='ltr'>ipsa</span> 
     </span>
     <span class='ocr_line' id='line_1_25' title="bbox 439 2849 2599 2933; baseline 0.003 -23"><span class='ocrx_word' id='word_1_172' title='bbox 439 2849 763 2930; x_wconf 86' lang='lat' dir='ltr'>particula</span> <span class='ocrx_word' id='word_1_173' title='bbox 806 2851 929 2930; x_wconf 78' lang='grc' dir='ltr'><em>πρίν</em></span> <span class='ocrx_word' id='word_1_174' title='bbox 973 2871 1134 2913; x_wconf 87' lang='lat' dir='ltr'>usus</span> <span class='ocrx_word' id='word_1_175' title='bbox 1179 2858 1318 2913; x_wconf 86' lang='lat' dir='ltr'>tam</span> <span class='ocrx_word' id='word_1_176' title='bbox 1361 2850 1621 2933; x_wconf 85' lang='lat' dir='ltr'>amplus</span> <span class='ocrx_word' id='word_1_177' title='bbox 1667 2871 1742 2913; x_wconf 92' lang='lat' dir='ltr'>ac</span> <span class='ocrx_word' id='word_1_178' title='bbox 1786 2850 2141 2933; x_wconf 81' lang='lat' dir='ltr'>multiplex</span> <span class='ocrx_word' id='word_1_179' title='bbox 2184 2850 2599 2933; x_wconf 80' lang='lat' dir='ltr'>explicatur?</span> 
     </span>
     <span class='ocr_line' id='line_1_26' title="bbox 440 2949 2600 3028; baseline 0.003 -16"><span class='ocrx_word' id='word_1_180' title='bbox 440 2949 835 3028; x_wconf 77' lang='lat' dir='ltr'>Bernhardy</span> <span class='ocrx_word' id='word_1_181' title='bbox 854 2952 909 3025; x_wconf 78' lang='lat'>³)</span> <span class='ocrx_word' id='word_1_182' title='bbox 955 2952 1371 3016; x_wconf 88' lang='lat' dir='ltr'>infinitivum</span> <span class='ocrx_word' id='word_1_183' title='bbox 1416 2974 1498 3015; x_wconf 82' lang='lat' dir='ltr'>ex</span> <span class='ocrx_word' id='word_1_184' title='bbox 1557 2952 1761 3017; x_wconf 89' lang='lat' dir='ltr'>verbo</span> <span class='ocrx_word' id='word_1_185' title='bbox 1807 2952 2068 3017; x_wconf 88' lang='lat' dir='ltr'>dicendi</span> <span class='ocrx_word' id='word_1_186' title='bbox 2114 2953 2223 3017; x_wconf 89' lang='lat' dir='ltr'>vel</span> <span class='ocrx_word' id='word_1_187' title='bbox 2269 2955 2600 3019; x_wconf 85' lang='lat' dir='ltr'>sentiendi</span> 
     </span>
     <span class='ocr_line' id='line_1_27' title="bbox 439 3051 2600 3141; baseline 0.004 -26"><span class='ocrx_word' id='word_1_188' title='bbox 439 3051 725 3135; x_wconf 86' lang='lat' dir='ltr'>pendere</span> <span class='ocrx_word' id='word_1_189' title='bbox 779 3053 1091 3118; x_wconf 85' lang='lat' dir='ltr'>statuisse</span> <span class='ocrx_word' id='word_1_190' title='bbox 1140 3053 1427 3132; x_wconf 91' lang='lat' dir='ltr'>videtur,</span> <span class='ocrx_word' id='word_1_191' title='bbox 1476 3054 1649 3137; x_wconf 91' lang='lat' dir='ltr'>quod</span> <span class='ocrx_word' id='word_1_192' title='bbox 1693 3077 1766 3119; x_wconf 89' lang='lat' dir='ltr'>rc</span> <span class='ocrx_word' id='word_1_193' title='bbox 1815 3076 1976 3120; x_wconf 87' lang='lat' dir='ltr'>vera</span> <span class='ocrx_word' id='word_1_194' title='bbox 2008 3077 2371 3138; x_wconf 84' lang='lat' dir='ltr'>numquam</span> <span class='ocrx_word' id='word_1_195' title='bbox 2400 3078 2600 3141; x_wconf 90' lang='lat' dir='ltr'>appo-</span> 
     </span>
     <span class='ocr_line' id='line_1_28' title="bbox 440 3156 2599 3244; baseline 0.003 -24"><span class='ocrx_word' id='word_1_196' title='bbox 440 3156 642 3220; x_wconf 81' lang='lat' dir='ltr'>situm</span> <span class='ocrx_word' id='word_1_197' title='bbox 710 3156 781 3220; x_wconf 92' lang='lat' dir='ltr'>in</span> <span class='ocrx_word' id='word_1_198' title='bbox 850 3157 1332 3222; x_wconf 87' lang='lat' dir='ltr'>sententiarum</span> <span class='ocrx_word' id='word_1_199' title='bbox 1395 3178 1652 3224; x_wconf 80' lang='lat' dir='ltr'>conexu</span> <span class='ocrx_word' id='word_1_200' title='bbox 1716 3158 1938 3223; x_wconf 88' lang='lat' dir='ltr'>lateat.</span> <span class='ocrx_word' id='word_1_201' title='bbox 2039 3159 2265 3223; x_wconf 88' lang='lat' dir='ltr'>Aliam</span> <span class='ocrx_word' id='word_1_202' title='bbox 2331 3159 2599 3244; x_wconf 91' lang='lat' dir='ltr'>ellipsin</span> 
     </span>
    </p>
   </div>
   <div class='ocr_carea' id='block_1_3' title="bbox 438 3259 2712 3345">
    <p class='ocr_par' dir='ltr' id='par_1_3' title="bbox 438 3259 2712 3345">
     <span class='ocr_line' id='line_1_29' title="bbox 438 3259 2712 3345; baseline 0.002 -23"><span class='ocrx_word' id='word_1_203' title='bbox 438 3259 703 3344; x_wconf 82' lang='lat' dir='ltr'>Herzog</span> <span class='ocrx_word' id='word_1_204' title='bbox 721 3259 775 3335; x_wconf 70' lang='grc'>4&gt;</span> <span class='ocrx_word' id='word_1_205' title='bbox 833 3260 1090 3341; x_wconf 90' lang='lat' dir='ltr'>statuit,</span> <span class='ocrx_word' id='word_1_206' title='bbox 1157 3262 1271 3345; x_wconf 90' lang='lat' dir='ltr'>qui</span> <span class='ocrx_word' id='word_1_207' title='bbox 1314 3262 1725 3327; x_wconf 88' lang='lat' dir='ltr'>infinitivum</span> <span class='ocrx_word' id='word_1_208' title='bbox 1784 3261 1976 3327; x_wconf 89' lang='lat' dir='ltr'>modo</span> <span class='ocrx_word' id='word_1_209' title='bbox 2037 3262 2337 3342; x_wconf 86' lang='lat' dir='ltr'>subiecti,</span> <span class='ocrx_word' id='word_1_210' title='bbox 2401 3264 2597 3329; x_wconf 89' lang='lat' dir='ltr'>modo</span> <span class='ocrx_word' id='word_1_211' title='bbox 2705 3320 2712 3327; x_wconf 90' lang='lat'>.</span> 
     </span>
    </p>
   </div>
   <div class='ocr_carea' id='block_1_4' title="bbox 440 3432 850 3440">
    <p class='ocr_par' dir='ltr' id='par_1_4' title="bbox 440 3432 850 3440">
     <span class='ocr_line' id='line_1_30' title="bbox 440 3432 850 3440; baseline 0 1140"><span class='ocrx_word' id='word_1_212' title='bbox 440 3432 850 3440; x_wconf 95' lang='lat' dir='ltr'> </span> 
     </span>
    </p>
   </div>
   <div class='ocr_carea' id='block_1_5' title="bbox 434 3497 2600 4265">
    <p class='ocr_par' dir='ltr' id='par_1_5' title="bbox 436 3497 2595 3661">
     <span class='ocr_line' id='line_1_31' title="bbox 615 3497 2595 3578; baseline 0.001 -18"><span class='ocrx_word' id='word_1_213' title='bbox 615 3506 653 3574; x_wconf 91' lang='lat'>1)</span> <span class='ocrx_word' id='word_1_214' title='bbox 713 3508 907 3578; x_wconf 74' lang='lat' dir='ltr'>Ludw.</span> <span class='ocrx_word' id='word_1_215' title='bbox 940 3507 1160 3575; x_wconf 69' lang='lat' dir='ltr'>&#39;Lange</span> <span class='ocrx_word' id='word_1_216' title='bbox 1181 3549 1194 3574; x_wconf 88' lang='lat'>‚</span> <span class='ocrx_word' id='word_1_217' title='bbox 1274 3507 1376 3561; x_wconf 86' lang='lat' dir='ltr'>der</span> <span class='ocrx_word' id='word_1_218' title='bbox 1446 3507 1655 3562; x_wconf 86' lang='lat' dir='ltr'>homer.</span> <span class='ocrx_word' id='word_1_219' title='bbox 1719 3497 2018 3563; x_wconf 74' lang='lat' dir='ltr'>Gebraueh</span> <span class='ocrx_word' id='word_1_220' title='bbox 2085 3508 2185 3562; x_wconf 84' lang='lat' dir='ltr'>der</span> <span class='ocrx_word' id='word_1_221' title='bbox 2242 3506 2493 3563; x_wconf 85' lang='lat' dir='ltr'>Partikel</span> <span class='ocrx_word' id='word_1_222' title='bbox 2529 3503 2595 3574; x_wconf 82' lang='grc' dir='ltr'>εἷ,</span> 
     </span>
     <span class='ocr_line' id='line_1_32' title="bbox 436 3586 2359 3661; baseline 0.004 -17"><span class='ocrx_word' id='word_1_223' title='bbox 436 3591 669 3660; x_wconf 76' lang='lat' dir='ltr'>Leipzig</span> <span class='ocrx_word' id='word_1_224' title='bbox 704 3593 854 3660; x_wconf 81' lang='lat'>1872,</span> <span class='ocrx_word' id='word_1_225' title='bbox 889 3608 1020 3661; x_wconf 84' lang='lat' dir='ltr'>pag.</span> <span class='ocrx_word' id='word_1_226' title='bbox 1056 3593 1173 3648; x_wconf 83' lang='lat'>215.</span> <span class='ocrx_word' id='word_1_227' title='bbox 2353 3586 2359 3589; x_wconf 51' lang='lat'><strong>⁴</strong></span> 
     </span>
    </p>

    <p class='ocr_par' dir='ltr' id='par_1_6' title="bbox 609 3676 1463 3747">
     <span class='ocr_line' id='line_1_33' title="bbox 609 3676 1463 3747; baseline -0.001 -14"><span class='ocrx_word' id='word_1_228' title='bbox 609 3679 651 3744; x_wconf 79' lang='lat'>2)</span> <span class='ocrx_word' id='word_1_229' title='bbox 688 3676 934 3745; x_wconf 86' lang='lat' dir='ltr'>Richter,</span> <span class='ocrx_word' id='word_1_230' title='bbox 970 3678 1003 3731; x_wconf 92' lang='lat' dir='ltr'>l.</span> <span class='ocrx_word' id='word_1_231' title='bbox 1040 3679 1073 3731; x_wconf 90' lang='lat' dir='ltr'>l.</span> <span class='ocrx_word' id='word_1_232' title='bbox 1111 3694 1241 3747; x_wconf 85' lang='lat' dir='ltr'>pag.</span> <span class='ocrx_word' id='word_1_233' title='bbox 1279 3680 1463 3732; x_wconf 80' lang='lat'>9—26.</span> 
     </span>
    </p>

    <p class='ocr_par' dir='ltr' id='par_1_7' title="bbox 434 3763 2600 4174">
     <span class='ocr_line' id='line_1_34' title="bbox 605 3763 2599 3835; baseline 0.002 -18"><span class='ocrx_word' id='word_1_234' title='bbox 605 3764 652 3832; x_wconf 83' lang='lat'>3)</span> <span class='ocrx_word' id='word_1_235' title='bbox 687 3763 1021 3834; x_wconf 88' lang='lat' dir='ltr'>Bernhardy</span> <span class='ocrx_word' id='word_1_236' title='bbox 1069 3764 1637 3830; x_wconf 83' lang='lat' dir='ltr'>(Wissenschaffliche</span> <span class='ocrx_word' id='word_1_237' title='bbox 1681 3764 1895 3835; x_wconf 82' lang='lat' dir='ltr'>Syntax</span> <span class='ocrx_word' id='word_1_238' title='bbox 1949 3763 2051 3817; x_wconf 90' lang='lat' dir='ltr'>der</span> <span class='ocrx_word' id='word_1_239' title='bbox 2094 3763 2302 3832; x_wconf 85' lang='lat' dir='ltr'>griech.</span> <span class='ocrx_word' id='word_1_240' title='bbox 2350 3764 2599 3833; x_wconf 87' lang='lat' dir='ltr'>Spraehe</span> 
     </span>
     <span class='ocr_line' id='line_1_35' title="bbox 434 3847 2600 3918; baseline 0 -14"><span class='ocrx_word' id='word_1_241' title='bbox 434 3865 565 3918; x_wconf 87' lang='lat' dir='ltr'>pag.</span> <span class='ocrx_word' id='word_1_242' title='bbox 610 3850 734 3917; x_wconf 80' lang='lat'><strong><em>368)</em></strong></span> <span class='ocrx_word' id='word_1_243' title='bbox 781 3849 942 3904; x_wconf 83' lang='lat' dir='ltr'>dicit:</span> <span class='ocrx_word' id='word_1_244' title='bbox 1015 3849 1491 3917; x_wconf 83' lang='lat' dir='ltr'>,Parenthetische</span> <span class='ocrx_word' id='word_1_245' title='bbox 1548 3848 1862 3904; x_wconf 88' lang='lat' dir='ltr'>Infinitiven</span> <span class='ocrx_word' id='word_1_246' title='bbox 1914 3847 2165 3903; x_wconf 87' lang='lat' dir='ltr'>beruhen</span> <span class='ocrx_word' id='word_1_247' title='bbox 2210 3848 2314 3904; x_wconf 85' lang='lat' dir='ltr'>auf</span> <span class='ocrx_word' id='word_1_248' title='bbox 2353 3850 2455 3904; x_wconf 87' lang='lat' dir='ltr'>der</span> <span class='ocrx_word' id='word_1_249' title='bbox 2500 3851 2600 3904; x_wconf 89' lang='lat' dir='ltr'>Er-</span> 
     </span>
     <span class='ocr_line' id='line_1_36' title="bbox 435 3927 2597 4009; baseline 0 -20"><span class='ocrx_word' id='word_1_250' title='bbox 435 3951 731 4005; x_wconf 85' lang='lat' dir='ltr'>gaenzung</span> <span class='ocrx_word' id='word_1_251' title='bbox 778 3936 929 3991; x_wconf 87' lang='lat' dir='ltr'>eines</span> <span class='ocrx_word' id='word_1_252' title='bbox 976 3936 1328 4006; x_wconf 82' lang='lat' dir='ltr'>subjectiven</span> <span class='ocrx_word' id='word_1_253' title='bbox 1373 3936 1667 4004; x_wconf 85' lang='lat' dir='ltr'>Begriffes‚</span> <span class='ocrx_word' id='word_1_254' title='bbox 1721 3940 1870 3989; x_wconf 88' lang='lat' dir='ltr'>etwa</span> <span class='ocrx_word' id='word_1_255' title='bbox 1915 3927 2070 4008; x_wconf 80' lang='grc' dir='ltr'><em>λέγω</em></span> <span class='ocrx_word' id='word_1_256' title='bbox 2127 3935 2267 3990; x_wconf 88' lang='lat' dir='ltr'>oder</span> <span class='ocrx_word' id='word_1_257' title='bbox 2322 3930 2597 4009; x_wconf 76' lang='grc' dir='ltr'><strong><em>ἧγοῦμαι;</em></strong></span> 
     </span>
     <span class='ocr_line' id='line_1_37' title="bbox 438 4015 2600 4097; baseline 0 -23"><span class='ocrx_word' id='word_1_258' title='bbox 438 4022 712 4090; x_wconf 81' lang='lat' dir='ltr'>gueltig</span> <span class='ocrx_word' id='word_1_259' title='bbox 763 4038 998 4076; x_wconf 89' lang='lat' dir='ltr'>waren</span> <span class='ocrx_word' id='word_1_260' title='bbox 1052 4020 1205 4076; x_wconf 87' lang='lat' dir='ltr'>hier</span> <span class='ocrx_word' id='word_1_261' title='bbox 1251 4038 1352 4076; x_wconf 88' lang='lat' dir='ltr'>am</span> <span class='ocrx_word' id='word_1_262' title='bbox 1400 4023 1697 4076; x_wconf 88' lang='lat' dir='ltr'>meisten</span> <span class='ocrx_word' id='word_1_263' title='bbox 1744 4016 1903 4097; x_wconf 72' lang='grc' dir='ltr'><em>πρίν</em></span> <span class='ocrx_word' id='word_1_264' title='bbox 1947 4020 2084 4074; x_wconf 86' lang='grc'>1111(1</span> <span class='ocrx_word' id='word_1_265' title='bbox 2128 4015 2239 4081; x_wconf 79' lang='grc' dir='ltr'>ὡς.</span> <span class='ocrx_word' id='word_1_266' title='bbox 2313 4021 2395 4074; x_wconf 77' lang='lat' dir='ltr'>Cf.</span> <span class='ocrx_word' id='word_1_267' title='bbox 2432 4022 2600 4074; x_wconf 86' lang='lat' dir='ltr'>etiam</span> 
     </span>
     <span class='ocr_line' id='line_1_38' title="bbox 437 4107 744 4174; baseline 0.01 -15"><span class='ocrx_word' id='word_1_268' title='bbox 437 4122 567 4174; x_wconf 85' lang='lat' dir='ltr'>pag.</span> <span class='ocrx_word' id='word_1_269' title='bbox 608 4107 744 4162; x_wconf 57' lang='lat'>400}</span> 
     </span>
    </p>

    <p class='ocr_par' dir='ltr' id='par_1_8' title="bbox 609 4191 2001 4265">
     <span class='ocr_line' id='line_1_39' title="bbox 609 4191 2001 4265; baseline 0.001 -19"><span class='ocrx_word' id='word_1_270' title='bbox 609 4191 654 4258; x_wconf 78' lang='lat'>4)</span> <span class='ocrx_word' id='word_1_271' title='bbox 689 4192 755 4247; x_wconf 82' lang='lat' dir='ltr'>N.</span> <span class='ocrx_word' id='word_1_272' title='bbox 792 4191 925 4247; x_wconf 83' lang='lat' dir='ltr'>Jbb.</span> <span class='ocrx_word' id='word_1_273' title='bbox 962 4191 998 4246; x_wconf 88' lang='lat' dir='ltr'>f.</span> <span class='ocrx_word' id='word_1_274' title='bbox 1036 4191 1175 4246; x_wconf 91' lang='lat' dir='ltr'>Phil.</span> <span class='ocrx_word' id='word_1_275' title='bbox 1213 4209 1264 4247; x_wconf 91' lang='lat' dir='ltr'>u.</span> <span class='ocrx_word' id='word_1_276' title='bbox 1301 4194 1472 4249; x_wconf 87' lang='lat' dir='ltr'>Paed.</span> <span class='ocrx_word' id='word_1_277' title='bbox 1547 4194 1715 4250; x_wconf 83' lang='lat' dir='ltr'>CVII.</span> <span class='ocrx_word' id='word_1_278' title='bbox 1751 4211 1881 4265; x_wconf 87' lang='lat' dir='ltr'>pag.</span> <span class='ocrx_word' id='word_1_279' title='bbox 1920 4196 2001 4249; x_wconf 85' lang='lat'>17.</span> 
     </span>
    </p>
   </div>
  </div>
 </body>
</html>
