3088 4580
453 1183 933 1299 Difficillima
962 1252 1182 1295 rerum
1216 1229 1797 1313 grammaticarum
1830 1227 2241 1311 problemata
2272 1249 2403 1291 non
2429 1226 2616 1309 prius

452 1336 818 1414 solventur,
882 1356 1098 1418 quam,
1157 1333 1370 1416 qualis
1427 1333 1825 1415 scriptorum
1884 1331 2299 1417 singulorum
2353 1331 2424 1394 in
2481 1331 2619 1394 siu-

451 1440 626 1523 gulis
693 1439 890 1504 rebus
957 1438 1163 1502 fuerit
1227 1459 1418 1514 usus,
1495 1437 1853 1521 diligenter
1917 1436 2396 1520 investigatum
2463 1433 2619 1498 sub-

454 1543 792 1627 tiliterque
859 1549 1276 1627 perspectum
1347 1542 1455 1605 sit.
1547 1542 1731 1605 Haec
1776 1541 1947 1604 ratio
2008 1539 2297 1603 maxime
2355 1539 2430 1602 in
2493 1539 2618 1621 πρίν

453 1649 782 1729 particula
835 1645 1114 1728 probata
1156 1643 1444 1719 videtur,
1507 1643 1819 1725 quoniam
1864 1642 2187 1726 proximis
2245 1642 2438 1706 annis
2486 1641 2619 1705 viri

455 1748 630 1812 docti
686 1749 802 1811 alii
860 1747 1025 1810 alios
1087 1746 1443 1828 scriptores
1500 1744 1630 1809 sibi
1684 1744 2195 1827 perscrutandos
2253 1744 2614 1829 elegerunt.

456 1852 646 1916 Nihil
691 1852 873 1916 enim
914 1853 987 1915 in
1030 1857 1270 1914 natura
1313 1849 1512 1913 huius
1565 1847 1927 1930 particulae
1975 1847 2426 1932 cognoscenda
2471 1869 2619 1930 pro-

452 1957 819 2034 ficeremUS,
862 1955 919 2019 si
950 1955 1277 2018 rationem
1308 1952 1756 2017 vetustiorum
1784 1951 2383 2035 grammaticorum,
2432 1950 2620 2015 velut

453 2058 705 2141 Vigeri,
774 2079 1219 2141 sequeremur,
1276 2056 1390 2137 qui
1436 2064 1512 2120 ut
1558 2055 2018 2137 ,multiplicem
2078 2053 2440 2137 particulae
2496 2056 2619 2136 πρίν

456 2165 874 2243 potestatem‘
942 2160 1238 2224 illustret
1308 2158 1488 2223 locos
1547 2158 1844 2236 Homeri,
1917 2156 2293 2242 Sophoclis,
2375 2157 2618 2221 Demo-

457 2262 734 2341 sthenis.
793 2263 1265 2348 apostolorum,
1326 2262 1696 2327 Pausaniae
1742 2262 1925 2328 varie
1972 2262 2367 2327 commixtos
2423 2259 2615 2326 nobis

406 2366 747 2448 -apponit.
774 2367 815 2443 ¹)
922 2367 1169 2431 Melius
1236 2367 1367 2431 iam
1433 2365 1798 2430 Elmsleius
1866 2365 1945 2431 de
2011 2387 2139 2430 usu
2206 2365 2615 2431 coniunctivi

454 2489 493 2532 a
534 2471 657 2551 νηοίν
703 2470 1026 2553 particula
1073 2470 1423 2554 pendentis
1470 2470 1627 2553 egit.
1647 2468 1703 2552 2)

604 2569 823 2637 'Viam
878 2574 1001 2655 πρίν
1066 2574 1433 2657 particulae
1490 2571 2024 2656 monog-raphice,
2093 2579 2170 2636 ut
2226 2572 2322 2635 ita
2380 2570 2614 2650 dicam,

453 2677 833 2742 tractandae
878 2677 1134 2760 primus
1180 2678 1521 2762 ingressus
1568 2685 1672 2742 est
1717 2673 2032 2742 Foerster
2076 2674 2328 2740 duabus
2376 2675 2616 2741 disser-

452 2780 839 2857 tationibus,
886 2800 1166 2861 quarum
1210 2781 1281 2843 in
1327 2780 1537 2845 altera
1582 2780 1662 2845 dc
1705 2802 1831 2848 usu
1860 2780 2217 2845 Homerico
2263 2787 2330 2844 et
2374 2780 2615 2843 Hesio-

454 2880 669 2956 de0,³)
737 2883 811 2946 in
862 2883 1072 2945 altera
1124 2882 1203 2946 de
1259 2905 1406 2958 usn,
1476 2883 1689 2964 qualis
1752 2883 1956 2947 fuerit
2022 2881 2197 2964 apud
2256 2883 2615 2965 scriptores

454 2982 740 3060 10111008,
797 2982 1182 3066 disputavit.
1201 2983 1255 3060 ιι)
1344 2984 1522 3047 Eum
1567 2992 1833 3048 secutus
1878 2994 1981 3048 cst
2025 2982 2324 3060 Richter,
2379 2984 2493 3064 qui
2538 2983 2617 3048 de

456 3086 799 3168 particulis
858 3089 982 3168 πρίν
1041 3093 1108 3150 et
1162 3088 1348 3169 πάρος·
1398 3108 1757 3169 earumque
1811 3109 1937 3151 usu
1981 3086 2335 3151 Homerico
2393 3085 2618 3171 dispu-

456 3188 775 3253 tationem
842 3189 1157 3254 instituit.
1182 3192 1234 3265 5)
1323 3190 1585 3255 Deinde
1631 3199 1785 3255 antc
1841 3189 1963 3255 hos
2008 3190 2173 3254 duos
2230 3211 2439 3255 annos
2485 3189 2616 3255 dis-

454 3292 726 3356 sertatio
775 3292 1042 3356 Prausii
1104 3292 1175 3356 in
1219 3293 1430 3358 lucem
1479 3294 1748 3377 prodiit,
1816 3294 1927 3376 qui
1975 3315 2169 3376 quem
2216 3293 2614 3378 AeschyluS,

458 3390 842 3475 SophocleS,
929 3394 1323 3478 EuripideS,
1387 3395 1873 3480 Aristophanes
1942 3399 2151 3463 secuti
2216 3398 2353 3462 sint
2418 3419 2616 3461 usum

634 3614 674 3681 1)
710 3614 994 3669 Francisci
1030 3614 1225 3683 Vigcri
1260 3616 1695 3684 Rotomagensis
1733 3616 1803 3670 de
1838 3614 2157 3684 praecipuis
2205 3615 2458 3671 Graecae
2504 3617 2616 3673 dic·

452 3700 622 3753 tionis
658 3700 954 3753 idiotismis
989 3701 1130 3755 liber
1166 3701 1334 3768 (edid.
1373 3701 1438 3755 Gr.
1475 3702 1845 3768 Hermannus)
1881 3716 2013 3769 pag.
2050 3700 2167 3754 442.

627 3787 670 3853 2)
707 3786 800 3839 Ad
835 3786 1025 3854 Eurip.
1062 3787 1205 3841 Med.
1243 3803 1392 3841 vers.
1431 3788 1547 3841 215.

626 3872 671 3938 3)
708 3871 933 3925 Miscell.
971 3888 1084 3926 soc.
1120 3873 1215 3926 lat.
1251 3871 1483 3927 Vratisl.
1521 3874 1672 3941 1863,
1707 3888 1840 3942 pag.
1882 3872 2067 3927 9—19.

625 3957 670 4024 4)
707 3957 931 4011 Miscell.
970 3973 1101 4011 sem.
1138 3958 1234 4012 lat.
1270 3958 1501 4014 Vratisl.
1541 3959 1693 4027 1865,
1729 3974 1860 4026 pag.
1900 3958 2050 4011 1—7.

627 4047 670 4113 5)
708 4045 793 4099 De
839 4044 1128 4113 particulis
1173 4043 1294 4123 πρίν
1332 4052 1390 4101 et
1424 4040 1611 4124 πάρος
1643 4061 1946 4115 earumque
1992 4061 2099 4099 usu
2145 4043 2442 4097 Homerico
2481 4041 2613 4094 diss.

454 4133 679 4202 Lipsiae
717 4132 867 4186 1874.

2278 4235 2306 4286 1
