3088 4580
2554 278 2630 346 13

470 480 646 548 sunt,
693 469 949 534 duobus
996 471 1301 535 terminis
1333 470 1803 535 circumclusit.
1884 467 2108 535 Simili
2138 471 2395 535 ratione
2422 466 2632 534 inter-

471 571 781 655 pretandi
849 582 1009 637 sunt
1076 573 1205 637 loci
1275 573 1368 651 ΙΙ,
1420 570 1519 650 13,
1573 573 1598 636 1
1651 579 1720 636 et
1762 571 1856 649 ΙΙ,
1902 568 2005 649 56,
2061 571 2113 637 1.
2202 572 2373 637 Nam
2428 593 2631 654 quum

469 676 538 738 in
568 664 905 759 prioribus
940 676 1107 739 locis
1137 676 1463 742 infinitivi
1493 697 1533 739 a
1562 676 1685 757 πρίν
1716 673 2045 758 particula
2088 674 2450 759 pendentes
2482 695 2634 741 cum

469 778 804 845 adverbiis
874 779 1023 844 sive
1101 778 1486 843 notionibus
1567 775 2041 861 temporalibus
2108 774 2322 855 (ἔτεσιν
2390 776 2634 862 ὕστερον

471 881 680 942 ἑκατὸν
727 880 764 964 ἤ
807 892 874 947 et
919 881 980 941 ἐν
1026 880 1095 941 δὲ
1141 879 1355 963 τούτῳ)
1400 887 1891 958 concurrerent,
1937 880 2043 944 his
2077 880 2157 945 de
2186 879 2425 964 quibus
2457 903 2635 947 nunc

470 984 799 1068 agendum
866 992 970 1048 est
1032 984 1197 1051 locis
1267 1005 1415 1049 cum
1487 983 1877 1068 participiis,
1942 983 2182 1066 quibus
2244 984 2415 1049 ratio
2460 984 2635 1051 inest

473 1086 877 1170 temporaliS,
924 1087 1113 1169 quasi
1157 1087 1229 1150 in
1275 1095 1610 1152 certamen
1656 1088 1956 1152 veniunt.
2036 1087 2202 1151 Loci
2235 1086 2420 1170 digni
2455 1098 2633 1165 sunt,

471 1211 634 1272 quos
680 1190 893 1254 fusius
938 1189 1406 1257 describamus,

642 1294 735 1371 II,
791 1292 886 1372 13,
940 1296 1000 1359 l:
1060 1291 1144 1354 ἔτι
1188 1294 1257 1355 δὲ
1303 1298 1414 1355 τῶν
1455 1296 1918 1377 Πελοποννησίων
1965 1293 2396 1377 ξυλλεγομένων
2453 1317 2519 1357 τε
2573 1296 2640 1362 ἐς

472 1398 568 1456 τὸν
624 1397 832 1478 ἰσθμὸν
875 1397 971 1457 καὶ
1033 1396 1093 1457 ἐν
1149 1394 1273 1480 ὁδῷ
1333 1397 1531 1469 ὄντων,
1589 1400 1709 1480 πρὶν
1767 1396 2039 1476 ἐσβαλεῖν
2097 1397 2164 1463 ἐς·
2215 1398 2312 1480 τὴν
2372 1395 2636 1481 Ἀττικήν,

485 1499 761 1581 Περικλῆς
800 1501 835 1558 ὖ
880 1500 1203 1560 Ξανθίππου
1246 1537 1334 1546 -
1376 1502 1741 1584 προηγόρευε
1785 1524 1840 1560 κ.
1885 1524 1935 1560 τ.
1983 1504 2030 1561 λ.

645 1603 735 1676 ΙΙ,
781 1601 886 1681 56,
937 1604 1002 1666 1:
1067 1601 1152 1663 ἔτι
1205 1601 1260 1661 δ’
1314 1603 1503 1665 αὐτῶν
1559 1603 1619 1664 ἐν
1664 1611 1751 1685 τῷ
1792 1604 1972 1685 πεδιζυ
2010 1603 2209 1675 ὄντων,
2266 1605 2388 1686 πρὶν
2433 1603 2501 1670 ἐς
2539 1604 2637 1686 τὴν

472 1706 752 1786 παραλίαν
815 1709 916 1787 γῆν
980 1704 1190 1776 ἐλθεῖν,
1265 1705 1473 1766 ἑκατὸν
1539 1710 1685 1767 νεῶν
1753 1706 2014 1767 ἐπίπλουν
2086 1713 2154 1790 τῇ
2223 1706 2637 1789 Πελοποννήσῳ

474 1808 973 1888 παρεσκευάζετο.

644 1911 726 1975 Id
769 1911 1088 1995 temporis
1132 1922 1564 1990 momentum,
1612 1935 1741 1996 quo
1786 1913 1958 1977 actio
2001 1912 2318 1996 primaria
2347 1913 2640 1997 perfecta

473 2024 594 2094 est,
626 2036 825 2098 quam
852 2022 1075 2099 potest
1096 2016 1591 2080 accuratissime
1615 2016 1987 2081 describere
2009 2015 2163 2080 vult
2188 2014 2608 2099 Thucydides
2622 2039 2637 2093 ;

473 2119 695 2202 itaque
763 2118 1019 2184 duobus
1082 2117 1151 2183 id
1212 2118 1577 2183 enuntiatis
1635 2118 1977 2183 notionem
2036 2117 2471 2201 temporalem
2526 2117 2660 2192 haf

476 2219 788 2286 bentibus
850 2221 1037 2305 quasi
1085 2221 1397 2286 cancellis
1466 2220 1848 2286 circumdat.
1935 2220 2240 2284 Prorsus
2286 2221 2641 2288 ,reicienda

476 2333 585 2389 est
625 2324 865 2390 Cobeti
896 2328 940 2401 1)
985 2325 1226 2409 opini0,
1284 2327 1400 2409 qui
1442 2326 1787 2390 enuntiata
1844 2346 1883 2388 a
1927 2327 2050 2407 πρίν
2096 2324 2424 2408 particula
2480 2348 2639 2409 pen·
2700 2339 2707 2347 ’

476 2428 722 2508 dantia,
777 2436 854 2493 ut
906 2449 1072 2511 quae
1117 2428 1383 2492 inanem
1417 2428 1847 2513 tautologiam
1896 2428 2336 2507 continerent,
2385 2428 2641 2494 duobus

476 2532 638 2598 loeis
706 2540 1044 2614 tamquam
1110 2532 1512 2616 glossemata
1578 2532 2093 2596 scholiastarum
2159 2531 2351 2614 plane
2418 2532 2639 2598 delere

476 2637 711 2702 voluit.
791 2673 873 2681 -—
947 2636 1095 2724 Hac
1171 2635 1582 2721 Thucydidis
1669 2635 1928 2700 ratione
2001 2643 2348 2719 perspecta
2418 2636 2640 2701 locum

472 2739 762 2823 undique
830 2748 1159 2806 tentatum
1221 2747 1419 2823 atque
1479 2740 1944 2824 impugnatum
1960 2737 2016 2821 2)
2077 2737 2239 2821 (III,
2289 2737 2390 2816 69,
2421 2737 2510 2821 ,2)
2541 2739 2639 2831 ιιί1

475 2842 816 2906 meliorem
859 2842 1401 2925 perspicuitatem
1461 2843 1841 2926 promoveri
1889 2863 2084 2925 posse
2141 2850 2320 2925 pute.
2415 2840 2643 2905 Verba

477 2951 635 3007 sunt
690 2943 881 3007 haec:
951 2941 1266 3020 ἐβούλοντο
1309 2945 1425 3027 γὰρ
1482 2947 1539 3004 οἱ
1582 2944 2031 3024 Λακεδαιμόνιοι
2085 2940 2151 3010 ἐς·
2192 2943 2293 3025 τὴν
2339 2942 2641 3026 Κέρκυραν

477 3046 715 3105 πλεῦσαι
804 3045 1232 3115 στασιάζουσαν
1316 3046 1557 3107 δώδεκα
1637 3045 1748 3127 μὲν
1833 3047 1995 3105 ναυσὶ
2063 3045 2269 3127 μόναις
2343 3047 2641 3129 παρόντων

468 3146 787 3231 Ἀθηναίων
827 3148 957 3229 περὶ
999 3146 1352 3220 Ναύπακτον,
1399 3150 1521 3231 τςοὶν
1567 3148 1637 3209 δὲ
1682 3147 1851 3209 πλέον
1895 3171 1947 3209 τι
1990 3147 2373 3231 ἐπιβοηθῆσαι
2416 3148 2485 3210 ἐκ
2529 3153 2641 3209 τῶν

470 3247 726 3333 Ἀθηνῶν
771 3250 1048 3322 ναυτικόν,
1093 3251 1253 3319 ὅπως·
1293 3252 1709 3334 προφθάσωσι.

650 3354 804 3418 Duo
869 3353 1169 3438 membra
1234 3356 1411 3420 inter
1470 3377 1541 3419 se
1600 3355 2070 3439 respondentia
2112 3355 2287 3420 haud
2344 3355 2638 3433 dubium,

479 3458 640 3540 quin
706 3458 1052 3540 particulis
1118 3457 1227 3539 μέν
1257 3494 1342 3503 -
1372 3457 1447 3519 δέ
1516 3457 1912 3524 indicentur.
2026 3458 2404 3523 Enuntiato
2481 3481 2638 3525 vero

477 3582 515 3624 a
559 3562 681 3642 πρίν
727 3561 1057 3644 particula
1110 3561 1425 3645 pendenti
1485 3563 1829 3627 notionem
1888 3562 2204 3645 temporis
2250 3562 2467 3626 inesse
2515 3563 2634 3627 vix

476 3665 822 3747 quisquam
909 3664 1332 3730 infitiabitur.
1467 3665 1703 3748 Itaque
1802 3665 2084 3729 aliorum
2182 3665 2638 3748 exemplorum

477 3767 918 3832 similitudine
1007 3766 1329 3832 adductus
1419 3769 1620 3833 etiam
1709 3770 1780 3832 in
1876 3768 2227 3852 participio
2315 3767 2641 3849 (παρόντων

654 4027 695 4092 1)
735 4026 877 4078 Ann.
914 4024 990 4078 ad
1025 4024 1236 4094 Hyper.
1272 4039 1404 4093 pag.
1441 4026 1524 4079 59.

651 4112 695 4177 2)
731 4110 818 4163 De
844 4110 1244 4165 controversiis
1269 4111 1550 4165 editorum
1585 4111 1958 4178 recentiorum
1992 4110 2122 4164 vide
2158 4111 2334 4178 Popp.
2362 4113 2420 4162 et
2459 4108 2639 4162 Class.

483 4193 557 4252 ad
590 4193 735 4249 hunc
770 4195 964 4250 locum.
