3088 4580
2560 228 2637 296 31

484 416 587 482 Cf.
615 417 844 498 Ἀπομν.
871 419 961 494 ΙΙ,
1006 418 1022 481 l
1039 468 1054 494 ,
1088 416 1199 483 30:
1232 419 1353 498 πρὶν
1383 421 1568 500 πεινῆν
1600 418 1883 491 ἐσθίουσα
1914 420 2009 479 καὶ
2037 421 2161 501 πρὶν
2191 418 2354 500 διψῆν
2384 421 2642 479 πίνουσα.

481 556 565 566 —-
609 520 827 586 Mirus
873 530 974 586 est
1034 521 1415 585 infinitivus
1460 523 1830 604 praesentis
1875 521 1958 586 ad
2004 530 2264 606 tempus
2310 523 2641 587 enuntiati

480 625 774 707 primarii
831 625 1135 689 futurum
1180 624 1547 707 pertinenS,
1608 626 1721 708 qui
1765 625 1940 710 apud
1986 625 2443 709 Thucydidem
2502 625 2639 689 fere

478 750 615 793 non
658 750 787 792 usu
830 729 1038 794 venit.
1129 727 1447 811 Exempli
1489 729 1706 811 gratia
1745 729 2016 793 nomino
2056 725 2209 788 Ἕλλ.
2254 728 2377 806 IV,
2424 731 2484 806 5,
2535 728 2639 793 15:

480 833 806 914 ἀναχωρεῖν
872 831 1087 896 αὐτοὺς
1148 829 1387 890 ἐκέλευε
1449 830 1574 911 πρὶν
1640 829 1774 896 τοὺς
1835 831 2067 896 ὁπλίτας
2117 832 2264 912 ὁμοῦ
2327 832 2643 912 γίγνεσθαι.

479 934 680 999 Haud
745 933 1023 998 difficile
1087 941 1189 998 est
1264 928 1614 997 intellectu
1683 933 2203 1017 Xenophontem
2276 935 2643 1018 praesentis

480 1036 821 1100 infinitivo
896 1035 1105 1100 futuri
1177 1036 1378 1119 primi
1462 1037 1793 1101 actionem
1868 1038 2247 1122 significare
2328 1036 2641 1115 voluisse,

480 1158 683 1220 quum
726 1138 1104 1203 infinitivus
1135 1140 1365 1203 aoristi
1410 1162 1672 1224 semper
1698 1141 1937 1206 habeat
1980 1142 2123 1206 vim
2153 1142 2365 1207 futuri
2399 1142 2638 1206 exacti.

481 1241 661 1306 Haec
718 1241 922 1307 verba
977 1243 1031 1306 si
1091 1242 1174 1329 ad
1233 1245 1601 1309 orationem
1668 1251 1915 1308 rectam
1983 1245 2637 1322 conformaverimus‚

479 1345 828 1409 consilium
872 1346 1216 1429 scriptoris
1263 1347 1505 1411 clarius
1556 1347 1870 1412 elucebit:
1932 1348 2238 1426 recedite,
2285 1358 2639 1431 antequam

475 1448 769 1533 hoplitae
831 1471 1069 1514 manus
1137 1459 1505 1514 conserant.
1622 1447 1877 1514 Contra
1942 1451 2065 1523 πρὶν
2140 1451 2289 1530 ὁμοῦ
2360 1449 2640 1529 γενέσθαι

474 1551 1051 1635 interpretandum
1094 1560 1295 1616 esset:
1342 1561 1698 1634 antequam
1745 1553 2228 1616 conseruerint.
2307 1552 2406 1616 Of.
2440 1555 2642 1618 etiam

478 1655 616 1736 Ιιύρ.
661 1649 812 1714 παιδ.
860 1655 988 1732 ΙΙΙ,
1040 1655 1095 1731 1,
1142 1654 1225 1719 22
1271 1662 1337 1718 et
1385 1656 1566 1714 Οἶκον.
1620 1656 1715 1732 15,
1774 1653 1867 1719 ῙΟ.

646 1757 1008 1840 Reliquum
1074 1766 1194 1834 est,
1263 1765 1340 1822 ut
1384 1756 1463 1821 (le
1520 1757 1798 1840 perfecti
1842 1757 2222 1835 infinitivis,
2289 1759 2403 1840 qui
2466 1760 2640 1842 apud

476 1860 993 1944 Xenophontem
1026 1860 1280 1925 duobus
1317 1860 1698 1925 Anabaseos
1730 1860 1892 1924 locis
1930 1859 2389 1938 inveniuntur,
2438 1883 2644 1945 pauca

475 1962 706 2029 dicam.
815 1965 983 2029 Loci
1069 1972 1229 2028 sunt
1302 1963 1505 2047 digni,
1590 1985 1753 2046 quos
1826 1962 2090 2046 plenius
2166 1964 2637 2030 exscribamus,

474 2067 596 2145 IV,
628 2069 688 2146 5,
721 2067 832 2132 22:
880 2069 1002 2148 πρὶν
1047 2066 1231 2126 εἴκοσι
1274 2066 1483 2126 στάδια
1512 2065 1905 2149 διεληλυθέναι
1932 2063 2077 2146 ἦσαν
2108 2066 2254 2148 τςοὸς
2278 2076 2347 2150 τῇ
2375 2065 2543 2149 κώμῃ
2574 2075 2643 2130 et

474 2169 597 2247 VI,
631 2173 689 2247 5,
723 2173 789 2234 5:
846 2172 967 2251 πρὶν
1012 2170 1083 2231 δὲ
1129 2171 1546 2231 πεντεκαίδεκα
1576 2169 1784 2230 στάδια
1814 2167 2206 2254 διεληλύθεναι
2235 2168 2503 2253 ἐνέτυχον
2534 2168 2640 2251 ἤδη

475 2280 716 2355 νεκροῖς.
804 2273 1104 2339 Eandem
1173 2274 1495 2340 exhibent
1560 2273 1932 2354 formulam,
2001 2295 2165 2357 quae
2210 2273 2412 2338 etiam
2468 2272 2642 2356 apud

476 2376 888 2442 Herodotum
932 2379 1063 2456 III,
1097 2377 1201 2457 25,
1233 2377 1272 2441 2
1304 2379 1611 2443 occurrit.
1687 2378 1887 2443 Ratio
1931 2378 2411 2443 sententiarum
2457 2377 2529 2440 in
2561 2398 2638 2441 ea

473 2502 544 2544 re
588 2481 802 2564 posita
832 2489 951 2560 est,
998 2489 1075 2547 ut
1106 2490 1457 2565 antequam
1488 2481 1659 2546 actio
1691 2480 2081 2546 secundaria
2109 2481 2306 2564 plano
2337 2479 2641 2544 absoluta

470 2583 688 2662 fuerit,
735 2585 868 2648 iam
911 2586 1084 2650 actio
1114 2585 1429 2669 primaria
1458 2585 1928 2650 intercesserit.
2018 2584 2254 2666 Itaque
2299 2594 2415 2647 aut
2457 2583 2639 2667 plus-

470 2688 1035 2770 quamperfectum
1109 2690 1181 2752 in
1255 2688 1601 2753 enuntiato
1677 2687 1993 2770 primario
2068 2687 2448 2763 invenitur,
2524 2697 2639 2751 aut

471 2790 754 2868 aoristus
800 2790 924 2853 hac
968 2791 1241 2855 notione
1290 2791 1651 2874 praeditus·
1731 2788 2149 2871 Quamquam
2192 2797 2425 2873 poetae
2458 2790 2639 2854 Atti-

474 2877 710 2959 corum¹
745 2893 989 2955 scenici
1032 2914 1070 2955 a
1114 2895 1468 2958 severitate
1499 2914 1660 2958 usus
1695 2893 1989 2976 vulgaris
2033 2891 2370 2955 interdum
2400 2892 2637 2957 abhor-

473 3001 771 3071 ruerunt,
818 2995 914 3058 ita
957 3005 1034 3058 ut
1078 2994 1433 3078 Euripides
1477 3003 1583 3059 ter
1608 2995 1670 3070 ¹),
1718 2992 2207 3075 Aristophanes
2254 2993 2457 3057 octies
2501 2994 2636 3058 iam

471 3096 811 3162 infinitivo
856 3097 1135 3181 perfecti
1179 3097 1602 3173 indulserint,
1650 3103 1873 3160 tamen
1918 3116 1957 3159 a
1986 3095 2423 3179 scriptoribus
2458 3098 2638 3162 Atti-

473 3220 697 3263 corum
742 3199 1161 3283 pedestribus
1206 3203 1367 3265 haec
1408 3221 1644 3265 norma
1685 3205 1971 3264 tenetur.
2065 3197 2636 3280 Quemadmodum

470 3302 678 3385 igitur
721 3302 826 3367 his
858 3324 1020 3386 quos
1064 3304 1259 3369 modo
1304 3302 1814 3369 commemoravi
1869 3302 2032 3367 locis
2077 3303 2458 3368 infinitivus
2488 3326 2636 3388 per·-

471 3403 629 3469 fe‘cti
658 3407 849 3471 unice
890 3397 1094 3473 vverus
1139 3415 1260 3487 cst,
1307 3409 1403 3472 ita
1434 3427 1746 3491 perverse
1777 3428 1927 3470 eum
1966 3404 2078 3466 Ἀν.
2111 3406 2233 3485 IV,
2289 3406 2341 3485 1,
2389 3405 2464 3471 21
2521 3406 2633 3471 ad-

472 3507 760 3574 hibitum
835 3533 976 3575 esso
1050 3533 1435 3595 persuasum
1514 3510 1720 3575 habeo
1787 3511 1910 3588 (καὶ
1980 3510 2075 3570 διὰ
2150 3510 2320 3569 τοῦτό
2388 3532 2459 3570 σε
2527 3510 2634 3595 οὐχ

470 3610 768 3693 ὑπέμενον,
800 3612 866 3674 εἴ
876 3637 1002 3679 πως·
1025 3615 1295 3695 δυναίμην
1318 3612 1563 3693 φθάσαι,
1596 3615 1717 3696 πρὶν
1740 3613 2119 3695 κατειλῆφθαι
2142 3613 2239 3694 τὴν
2262 3613 2630 3697 ὑπερβολήν),

473 3712 587 3780 Sic
632 3715 954 3799 praebent
999 3715 1252 3782 codices
1285 3715 1666 3795 deterioreS,
1713 3740 1876 3801 quos
1926 3718 2210 3782 editores
2244 3727 2629 3800 sequuntur,

469 3819 624 3900 quia
672 3821 742 3884 in
790 3820 1178 3884 melioribus
1238 3818 1421 3884 ABG
1448 3820 1498 3895 2)
1564 3821 1768 3886 verba
1823 3822 1945 3903 πρὶν
1999 3821 2379 3902 κατειλῆφθαι
2436 3821 2630 3904 plane

643 4057 684 4123 1)
723 4056 805 4112 Cf.
841 4056 1161 4111 Elmsleium
1196 4056 1271 4110 ad
1305 4056 1438 4110 Eur.
1475 4055 1619 4110 Med.
1657 4072 1711 4109 v.
1750 4054 1832 4107 79.

642 4143 685 4212 2)
722 4144 863 4198 Utor
899 4142 1305 4214 significatione
1341 4144 1403 4197 L.
1440 4140 1718 4196 Dindorfii
1755 4147 1812 4195 et
1850 4140 2179 4196 Schenkelii.
