3088 4580
2522 226 2617 294 51·-

451 422 743 488 Gravius
787 427 890 486 est
919 420 1205 486 alterum
1235 418 1617 503 exemplum
1640 415 1794 479 Ἕλλ.
1827 417 1920 496 ΙΙ,
1954 413 2015 495 3,
2048 414 2152 496 48,
2182 415 2373 503 Αᾳιιοά
2401 417 2628 499 mode„

449 525 814 590 attulimus,
882 524 1015 589 Hic
1039 523 1328 588 occurrit
1364 522 1704 606 optativus
1733 521 2201 605 praesentis
2228 519 2606 604 (μετέχοιεν).
2652 519 2657 524 ’

451 603 675 709 Quum
718 648 931 710 neque
988 625 1164 710 apud
1218 632 1445 709 poetas
1505 625 1841 690 scaenicos
1899 624 2103 703 (nihil
2161 624 2611 719 enim⁹forma

446 729 643 813 ἐξήκοι
686 722 760 795 in
793 728 999 814 Soph.
1035 728 1322 794 Philect.
1362 725 1480 793 199
1512 728 1715 806 valet,
1763 728 2007 811 quippe
2037 748 2204 810 quae
2237 727 2376 792 vim
2407 726 2609 793 habet

447 834 726 911 aoristi),
784 815 998 916 neque
1056 831 1230 916 apud
1288 839 1583 895 oratores
1642 831 1907 896 Atticos
1970 829 2361 897 inveniatur
2409 826 2607 896 huius

450 936 769 1020 temporis
827 935 1189 1019 optativus,
1251 934 1695 1018 suspicionem
1754 934 1947 1000 facile
2001 956 2197 1018 posse
2254 932 2417 998 oriri
2472 931 2609 999 non
2657 1012 2660 1017 μ

450 1018 873 1105 infitiandum
921 1046 1042 1116 est,
1087 1058 1251 1103 num
1296 1037 1456 1102 haec
1500 1037 1701 1103 lectio
1758 1038 1847 1103 sit
1890 1039 2197 1123 genuina.
2287 1039 2609 1103 Attamen
2639 1023 2661 1036 '⁴

452 1149 770 1226 patronus
814 1141 972 1207 huic
1016 1140 1160 1205 loco
1215 1141 1500 1206 existere
1556 1139 1782 1207 audeo.
1876 1140 2213 1222 Quidnam
2269 1142 2609 1226 optativus
2630 1137 2659 1192 s

452 1246 817 1329 praesentis
865 1245 990 1310 hoc
1034 1244 1178 1309 loco
1223 1252 1583 1328 usurpatus
1629 1244 1938 1312 habuerit
1997 1267 2248 1324 causae,
2306 1267 2434 1330 quo
2481 1238 2636 1311 cla-³

453 1349 588 1414 rius
634 1349 1092 1433 perspiciatur,
1140 1355 1244 1413 est
1285 1348 1455 1412 mihi
1499 1348 1674 1412 tanti
1719 1358 1939 1415 totum
1984 1350 2203 1415 locum
2238 1351 2609 1416 accuratius

448 1452 853 1540 adscribere..
948 1450 1175 1515 Verba
1238 1452 1311 1513 iu
1375 1452 1788 1534 paragrapho
1855 1450 2612 1537 duodequinquagesima

450 1553 611 1618 haec
655 1556 998 1639 leguntur:
1065 1552 1186 1632 ἐγὼ
1253 1551 1306 1610 δ’
1379 1549 1429 1612 ὦ
1478 1553 1694 1635 Κριτία,
1761 1553 2083 1619 ἐκείνοις
2138 1554 2268 1636 μὲν
2333 1555 2439 1616 ἀεί
2471 1577 2610 1616 ποτε

453 1658 686 1737 πολεμῶ
730 1662 850 1721 τοῖς
891 1654 960 1715 οὐ
1005 1655 1262 1736 πρόσθεν
1308 1654 1594 1735 οἰομένοις
1633 1655 1807 1737 καλὴν
1851 1654 1919 1714 ἂν
1964 1656 2354 1738 δημοκρατίαν
2399 1656 2609 1722 εἶναι.

454 1758 577 1840 πρὶν
620 1759 717 1817 καὶ
761 1760 818 1816 οἱ
860 1758 1054 1817 δοῦλοι
1083 1792 1167 1802 ——
1205 1757 1471 1840 δραχμῆς·
1506 1756 1924 1842 μετέχοιεν,
1968 1759 2065 1818 καὶ
2107 1765 2261 1826 τοῖς
2300 1759 2385 1821 δέ
2423 1759 2478 1841 γ’
2528 1759 2612 1822 αὖ

453 1860 546 1919 ἀεὶ
574 1857 831 1924 ἐναντίος
857 1860 989 1941 εἶμί,
1017 1860 1081 1918 ὀἳ
1105 1857 1211 1919 οὐκ
1240 1857 1452 1920 οἴονται
1479 1859 1654 1948 καλὴν
1685 1859 1751 1920 ἂν
1783 1858 2225 1942 ἐγγενέσθαι
2262 1863 2611 1948 ὀλιγαρχίαν,

453 1963 575 2044 πρὶν
620 1963 706 2028 εἷς
745 1963 813 2022 τὸ
858 1960 940 2022 ὑπ’
1003 1962 1210 2043 ὀλίγων
1267 1963 1670 2044 τυραννεῖσθαι
1723 1964 1819 2045 τὴν
1863 1965 2015 2024 πόλιν
2059 1966 2612 2049 καταστήσειαν.

455 2064 833 2150 Conspicua
875 2073 979 2130 est
1035 2066 1367 2149 oppositio
1422 2066 1743 2148 quaedam
1803 2067 2153 2146 rhetorica,
2215 2089 2381 2151 quae
2440 2069 2615 2135 inter

453 2167 614 2233 duas
645 2169 1011 2233 sententias
1035 2168 1214 2233 inter
1237 2190 1307 2232 se
1331 2177 1740 2254 comparatas
1766 2170 2133 2236 intercedit.
2180 2171 2615 2255 Respondent

454 2272 526 2336 in
571 2271 786 2338 vicem
830 2271 973 2333 εἶναι
1017 2279 1085 2338 et
1130 2271 1492 2354 ἐγγενέσθαι,
1547 2272 1853 2359 μετέχοιεν
1910 2282 1979 2340 et
2022 2275 2465 2358 καταστήσειαν,
2521 2277 2616 2342 ita

455 2384 531 2440 ut
573 2377 816 2460 prioris
861 2376 1117 2460 periodi
1162 2377 1541 2444 infinitivus
1588 2386 1784 2463 atque
1829 2380 2169 2464 optativus
2214 2380 2487 2464 propius
2533 2379 2614 2445 ad

456 2480 778 2544 rationem
833 2478 1232 2545 Latinorum
1299 2481 1506 2547 futuri
1570 2483 1770 2565 primi
1831 2483 2161 2562 accedant,
2226 2483 2612 2566 posterioris

454 2582 676 2648 futuro
722 2590 956 2649 exacto
1001 2584 1310 2649 vertendi
1354 2586 1509 2651 sint.
1601 2586 1712 2651 Ab
1743 2586 1940 2651 huius
1986 2586 2120 2651 loci
2149 2594 2390 2651 natura
2424 2586 2613 2651 valde

452 2685 766 2752 abhorret
809 2687 1095 2751 alterum
1141 2689 1422 2773 optativi
1471 2690 1839 2772 praesentis
1884 2690 2287 2772 exemplum.
2364 2686 2471 2749 Ἀν.
2517 2688 2610 2767 ΙΙ,

452 2788 513 2866 2,
559 2788 600 2853 2
644 2790 940 2854 melioris
986 2799 1182 2855 notae
1240 2791 1495 2857 codices
1551 2791 1801 2857 habent
1856 2793 1979 2874 πρὶν
2038 2792 2243 2857 αὐτοὺς
2302 2791 2613 2873 κατάγοι

456 2886 676 2948 οἴκαδε.
766 2888 1111 2973 Siquidem
1164 2901 1385 2957 autem
1440 2893 1629 2957 nulla
1687 2914 1882 2958 causa
1944 2894 2134 2957 nobis
2197 2915 2340 2959 sese
2396 2895 2609 2971 offert,

457 3013 574 3056 cur
618 2991 742 3056 hoc
786 2993 930 3077 ipso
977 2993 1120 3059 loco
1169 2994 1547 3079 Xenophon
1594 3017 1633 3060 a
1675 3018 1908 3061 norma
1949 2996 2215 3081 vulgari
2272 2997 2606 3080 digressus

455 3095 563 3173 sit,
609 3095 965 3161 lectionem
1008 3098 1330 3178 καταγάγοι
1382 3098 1464 3162 ab
1511 3099 1817 3164 omnibus
1876 3100 2013 3163 fore
2069 3100 2336 3164 criticis
2378 3109 2607 3165 contra

455 3198 753 3265 codicum
798 3201 1261 3266 auctoritatem
1306 3210 1641 3285 receptam
1690 3201 2121 3284 comprobare
2166 3224 2300 3266 non
2357 3201 2606 3268 dubito.

626 3304 851 3387 Atque
905 3313 1256 3388 antequam
1315 3304 1470 3368 huic
1538 3302 1722 3388 operi
1786 3305 1989 3368 finem
2055 3304 2412 3388 imponam,
2479 3327 2614 3370 una

459 3406 958 3487 quaestiuncula
999 3407 1168 3471 mihi
1211 3407 1540 3473 movenda
1583 3407 1868 3485 videtur,
1917 3415 2143 3472 utrum
2188 3429 2273 3472 cx
2319 3429 2445 3472 usu
2488 3411 2611 3491 πρίν

460 3508 817 3592 particulae
885 3509 964 3575 de
1038 3510 1384 3575 authentia
1447 3509 1772 3574 librorum
1845 3510 2318 3576 nonnullorum
2387 3510 2613 3576 Xeno-

460 3610 903 3695 phonteorum
977 3611 1294 3676 iudicium
1360 3613 1533 3676 ferre
1607 3613 1935 3695 possimus
2000 3634 2228 3678 necne.
2338 3612 2613 3678 Etenim

458 3714 514 3778 si
570 3714 643 3777 in
698 3714 964 3803 scriptis
1019 3714 1379 3780 maioribus
1449 3715 1992 3781 consuetudinem
2062 3714 2323 3780 dicendi
2386 3714 2614 3781 Xeno-

461 3816 817 3900 phonteam
872 3817 1120 3901 optime
1175 3838 1558 3901 expressam
1612 3838 1755 3882 esse
1805 3816 2192 3896 iudicamuS,
2251 3818 2614 3883 nonnullae

460 3920 531 3984 in
594 3918 963 3985 minoribus
1031 3918 1479 3985 observandae
1546 3927 1704 3985 sunt
1771 3918 2270 4003 discrepantiae.
2384 3919 2613 4004 Neque

461 4023 639 4088 enim
667 4021 1047 4088 infinitivus
1077 4024 1466 4106 praesentis,
1508 4023 1623 4106 qui
1652 4023 1726 4087 in
1758 4021 2191 4106 Cyropaedia,
2225 4022 2611 4100 HelleniciS,

466 4125 757 4196 Anabasi
846 4125 1254 4216 frequentior
1341 4136 1460 4205 ost,
1563 4133 1948 4212 usurpatur,
2043 4136 2111 4190 et
2175 4125 2612 4190 coniunctivo
