3088 4580
464 305 508 371 8

466 494 857 562 universum
888 504 1151 578 tempus
1196 495 1581 559 nominatur
1625 494 1812 577 prius
1858 493 1951 568 (τὸ
1997 480 2145 574 πρί’ν)
2189 491 2258 556 id
2294 499 2399 556 est
2441 512 2628 573 prae-

469 601 762 674 teritum,
830 596 1066 662 deinde
1132 619 1360 681 pacem
1427 603 1589 661 tunc
1631 584 1859 661 'fuisse
1920 601 2471 660 commemoratur
2514 592 2630 669 (ἐπ’

467 701 734 784 εἰρήνης),
781 709 1114 785 postremo
1157 699 1403 764 arctior
1432 699 2139 783 temporisdescriptio
2185 696 2450 762 additur
2478 698 2627 779 (πρὶν

468 804 655 865 ἐλθεῖν
713 805 840 870 υἷας
879 801 1163 886 Ἀχαιῶν).
1267 805 1452 868 Haec
1495 804 1697 868 tertia
1737 803 2054 887 temporis
2102 801 2626 884 circumscriptio

466 908 752 992 primam
809 929 1039 971 rursus
1099 908 1350 992 excipit
1413 921 1611 990 atque
1666 908 2041 972 accuratius
2088 905 2354 969 definit:
2420 905 2627 987 ‚prius

466 1011 642 1075 enim
689 1032 885 1094 quam
929 1011 1060 1076 fuit
1090 1011 1498 1076 Graecorum
1544 1011 1916 1077 adventus‘.
2006 1008 2211 1073 Nullo
2242 1016 2435 1092 pacto
2479 1008 2629 1072 fieri

467 1114 706 1197 potuit,
754 1121 830 1178 ut
873 1113 1042 1179 illud
1086 1116 1209 1196 πρίν
1253 1121 1406 1178 ante
1449 1114 1867 1180 infinitivum
1913 1113 2356 1190 omitteretur,
2402 1134 2629 1195 quam-

467 1238 663 1299 quam
720 1217 944 1281 eadem
1000 1238 1137 1282 vox
1182 1217 1380 1300 paulo
1430 1224 1585 1281 ante
1631 1203 1956 1282 exstabat.
2047 1215 2420 1282 Gorrelatio
2465 1239 2627 1282 voro

467 1321 594 1385 hoc
667 1321 811 1385 loco
883 1320 1056 1384 nihil
1129 1320 1213 1384 ad
1285 1342 1425 1384 rem
1492 1320 1673 1386 facit.
1784 1320 1955 1385 Nam
2021 1320 2147 1384 hac
2215 1321 2395 1385 inter
2467 1319 2627 1385 duas

469 1422 834 1487 sententias
880 1431 1131 1488 statuta
1172 1422 1484 1507 periodus
1530 1423 1849 1506 quaedam
1893 1424 2143 1490 existat
2189 1445 2452 1489 necesse
2497 1432 2628 1504 cst3

468 1527 579 1591 hic
636 1535 857 1591 autem
913 1548 1035 1591 nec
1087 1527 1359 1609 πρότασιν
1404 1547 1525 1591 nec
1571 1524 1820 1586 ἐπίδοσιν
1863 1526 2204 1606 habemus,
2264 1527 2379 1592 sed
2422 1549 2628 1591 unum

468 1630 892 1694 enuntiatum
946 1631 1356 1713 primarium,
1416 1629 1524 1695 cui
1577 1630 1960 1696 infinitivus
2021 1651 2060 1694 a
2113 1631 2442 1715 particula
2507 1633 2628 1713 σψίν

468 1734 765 1818 pendens
829 1755 1033 1817 aeque
1099 1756 1174 1799 ac
1239 1735 1548 1799 notiones
1614 1735 2028 1801 adverbiales
2092 1736 2158 1795 τὸ
2225 1736 2348 1817 πρίν
2416 1742 2483 1798 et
2543 1731 2668 1793 ἐπ’,

471 1837 697 1919 εζοὴνης
736 1837 1028 1900 insertus
1073 1844 1194 1901 est.
1288 1836 1439 1917 Quo
1484 1839 1695 1923 magis
1741 1849 1960 1903 autem
2006 1839 2113 1904 vis
2162 1836 2457 1903 adverbii
2506 1838 2629 1918 πρίν

469 1940 786 2023 primaria
841 1939 1117 2005 evanuit
1173 1947 1369 2023 atque
1425 1941 1498 2004 in
1555 1951 1863 2007 naturam
1909 1942 2396 2007 coniunctionis
2442 1941 2626 2018 abiit,

471 2065 548 2108 co
614 2044 875 2127 saepius
943 2042 1111 2107 illud
1185 2044 1580 2109 antecedens
1647 2045 2035 2111 adverbium
2103 2045 2423 2110 omissum
2498 2054 2627 2124 cst3

470 2154 807 2231 postremo
837 2147 968 2210 nisi
999 2146 1428 2212 antecedente
1459 2149 1831 2231 negatione,
1870 2147 1975 2211 cui
2007 2148 2194 2230 quasi
2225 2146 2627 2213 adminiculo

471 2260 592 2330 est,
651 2252 789 2316 fere
846 2272 981 2315 non
1040 2251 1404 2318 invenitur.
1507 2251 1853 2318 Nonnulla
1908 2252 2230 2318 accedunt
2294 2252 2374 2316 ad
2436 2274 2628 2336 argu-

471 2357 945 2421 mentationem
992 2365 1289 2421 nostram
1321 2353 1889 2423 corroborandam.
1965 2358 2048 2421 In
2091 2357 2302 2422 Iliade
2332 2355 2627 2439 exceptis

471 2460 727 2525 duobus
784 2459 969 2537 lociS‚
1025 2460 1141 2525 ubi
1188 2459 1255 2520 οὐ
1313 2462 1498 2542 πάρος
1547 2461 1671 2540 πρίν
1717 2460 1796 2535 (Ε
1836 2456 1993 2540 218)
2052 2471 2120 2523 et
2180 2458 2628 2540 πρίν-τόφρα

469 2562 554 2640 (Φ
602 2561 750 2638 1ΟΟ)
794 2562 1061 2647 legitur,
1117 2562 1288 2627 idem
1337 2583 1598 2646 semper
1652 2560 2044 2627 adverbium
2087 2563 2210 2644 πρίν
2266 2561 2626 2642 antecedit;

471 2665 766 2730 crebrius
811 2665 944 2728 iam
987 2666 1058 2729 in
1106 2664 1406 2749 Odyssea
1449 2665 1581 2729 alia
1623 2665 1821 2732 obvia
1881 2675 2039 2731 sunt
2090 2665 2405 2731 adverbia
2448 2666 2635 2748 πάρος

470 2770 542 2846 (β
594 2768 708 2833 127
757 2776 825 2832 et
869 2789 911 2827 σ
950 2766 1104 2844 288)
1149 2768 1406 2850 πρόσθεν
1450 2769 1522 2850 (φ
1572 2767 1720 2846 138)
1731 2793 1746 2848 3
1793 2770 1865 2834 in
1910 2772 2107 2852 νεκυίᾳ
2152 2791 2310 2834 vero
2343 2770 2474 2834 iam
2506 2771 2629 2852 πυίν

470 2873 554 2939 ad
604 2944 611 2950 ,
664 2874 1069 2938 adiectivum
1179 2872 1468 2954 πρότερος
1577 2874 1998 2938 referendum
2097 2883 2200 2938 est
2298 2875 2355 2951 (λ
2425 2870 2557 2948 88).
2589 2872 2630 2950 ¹)

471 2978 829 3043 Praeterea
866 2977 1252 3042 infinitivus
1295 2984 1481 3060 post
1524 2978 1943 3042 enuntiatum
1975 2977 2363 3061 primarium
2409 2977 2629 3041 locum

470 3079 715 3145 habere
759 3080 931 3145 solet
975 3088 1252 3164 excepto
1298 3102 1431 3145 uno
1477 3081 1708 3145 Iliadis
1753 3082 1900 3146 loco
1944 3080 2029 3159 (Φ
2063 3080 2227 3157 100).
2319 3082 2425 3146 Ea
2467 3102 2628 3146 vero

470 3206 542 3247 re
584 3193 884 3249 nostram
929 3185 1304 3269 opinionem
1339 3184 1646 3250 omnibus
1676 3184 2009 3269 prioribus
2048 3184 2265 3248 multo
2294 3192 2629 3267 praestare

469 3297 800 3370 put-amne,
870 3288 1043 3371 quod
1100 3287 1457 3353 discrimen
1522 3289 1700 3353 inter
1765 3288 2128 3352 sententias
2194 3287 2629 3352 affirmativas

410 3425 415 3430 ⁴
470 3398 539 3454 et
603 3391 949 3475 negativas
1019 3392 1456 3456 constitutum
1523 3390 1696 3455 nihil
1763 3392 1836 3454 in
1892 3412 2036 3454 eam
2100 3390 2294 3456 cadit.
2395 3391 2631 3473 Itaque

469 3514 630 3558 usus
705 3494 819 3558 ille
892 3493 1292 3558 Homericus
1365 3493 1781 3559 infinitivum
1855 3494 2058 3558 etiam
2131 3495 2203 3557 in
2278 3495 2629 3559 sententiis

469 3598 800 3681 negativis
845 3594 1202 3662 adhibendi
1245 3595 1434 3661 nulla
1477 3596 1668 3660 nobis
1711 3598 1978 3682 negotia
2020 3598 2305 3663 facessit.

471 3766 511 3853 ξ
555 3767 614 3833 2.
691 3769 1141 3836 Infinitivi
1185 3791 1225 3833 a
1268 3771 1426 3853 πρίν
1470 3769 1892 3852 particula
1934 3770 2384 3853 pendentis
2429 3791 2629 3852 quac

1360 3874 1468 3938 sit
1510 3874 1746 3938 ratio.

537 4059 539 4063 Α
644 3991 779 4058 Sed
837 3993 1183 4057 mittamus
1238 3993 1464 4076 plures
1520 3992 1600 4058 de
1658 3995 1913 4079 origine
1957 4017 2031 4060 ac
2090 3995 2370 4060 historia
2424 3996 2630 4080 parti-

471 4095 657 4159 culae
703 4097 825 4178 πρίν
864 4097 1320 4180 expositiones
1367 4106 1436 4162 et
1478 4097 1991 4183 disputationem
2051 4100 2123 4163 in
2180 4101 2632 4185 angustiorem

645 4232 685 4298 ¹)
722 4231 940 4301 Delego
976 4231 1052 4286 ad
1087 4231 1428 4302 Richterum‚
1463 4233 1498 4286 1.
1534 4232 1569 4286 1.
1606 4247 1737 4301 pag.
1773 4233 1857 4300 36,
1892 4233 1975 4286 37.
