3088 4580
2608 261 2647 327 7

656 447 797 513 Iam
871 435 1284 538 transeamus
1352 448 1437 514 ad
1490 449 1944 533 quaestionem
2007 448 2087 513 de
2143 450 2471 533 particula
2526 453 2649 533 νηοίν

487 559 806 636 coeptam.
899 550 976 618 Si
1021 573 1251 637 graece
1297 552 1542 618 dicitur
1579 553 1749 612 τοῦτο
1778 551 2014 632 ἐγένετο
2045 553 2215 630 (sive
2247 552 2355 614 οὐκ
2383 553 2648 634 ἐγένετο)

487 655 610 737 πρὶν
671 652 809 714 ἄλλο
867 678 917 714 τι
969 654 1269 735 γενέσθαι,
1314 677 1537 721 nonne
1597 654 1827 720 eodem
1881 654 2077 720 modo
2136 656 2646 741 explicabimus:

486 757 626 821 Das
683 779 823 822 war
878 757 1038 822 eher
1092 759 1165 822 in
1208 759 1435 843 Bezug
1489 757 1610 822 auf
1653 757 1770 823 das
1818 757 2214 823 Geschehen
2258 780 2396 825 von
2440 768 2646 826 etwas

486 859 840 925 anderem?
947 860 1289 926 Habemus
1354 862 1694 927 notionem
1765 861 2188 945 comparandi
2261 884 2427 946 quae
2500 865 2648 930 sine

487 962 687 1028 dubio
731 963 804 1027 in
848 966 971 1045 πρίν
1016 966 1344 1047 particula
1387 965 1583 1030 inest.
1671 964 1855 1029 Illud
1910 972 2133 1030 autem
2188 967 2359 1026 τοῦτο
2412 965 2648 1048 ἐγένετο

488 1068 611 1148 πρίν
655 1101 740 1111 —-
783 1087 919 1131 non
961 1067 1032 1132 in
1079 1069 1470 1133 universum
1498 1067 1790 1151 ponitur,
1838 1067 1954 1132 sed
1998 1067 2078 1133 ad
2113 1068 2294 1133 aliud
2338 1068 2647 1152 quiddam

488 1170 818 1235 refertur.>
883 1171 1231 1250 Prioritas,
1288 1180 1364 1236 ut
1411 1192 1559 1235 cum
1608 1170 2025 1256 philosophis
2070 1171 2324 1254 loquar,
2369 1173 2648 1239 actionis

486 1273 840 1359 primariae
894 1295 1029 1339 non
1086 1282 1190 1340 est
1243 1275 1565 1351 absoluta,
1621 1274 1738 1350 sed
1782 1275 2084 1340 relativa.
2175 1276 2527 1342 Limitatio
2572 1298 2650 1342 ac

486 1377 1008 1462 circumscriptio
1066 1379 1358 1444 notionis
1425 1377 1756 1462 generalis
1822 1379 2228 1461 exprimitur
2282 1380 2647 1445 infinitivo.

485 1481 631 1545 Hac
697 1489 1036 1546 structura
1100 1489 1414 1545 nascente
1483 1480 1651 1545 duae
1712 1480 1927 1544 solum
1973 1482 2266 1547 rationes
2310 1482 2647 1566 patebant,

486 1592 602 1648 aut
657 1582 778 1648 illa
833 1604 1030 1667 quam
1086 1583 1280 1648 modo
1335 1583 1680 1648 nominavi
1736 1585 1908 1643 τοῦτο
1969 1583 2204 1665 ἐγένετο
2250 1587 2373 1668 πρὶν
2418 1584 2556 1645 ἄλλο
2600 1609 2651 1645 τι

485 1685 779 1767 γενέσθαι,
843 1693 961 1751 aut.
1023 1686 1234 1751 altera
1299 1688 1469 1746 τοῦτο
1528 1685 1768 1768 ἐποίησέ
1820 1709 1899 1753 τις·
1957 1687 2081 1768 πρὶν
2126 1685 2263 1748 ἄλλο
2309 1711 2359 1748 τι
2402 1692 2647 1771 ποιῆσαι.

492 1788 627 1855 Sed
668 1788 785 1853 ubi
829 1789 1120 1872 primum
1169 1789 1271 1855 vis
1316 1789 1685 1873 particulae
1728 1790 1852 1871 πρίν
1902 1790 2261 1874 originaria
2311 1790 2651 1857 obscurari
2701 1846 2704 1851 .

488 1901 684 1977 atque
739 1893 812 1957 in
866 1901 1174 1957 naturam
1231 1892 1718 1957 coniunctionis
1783 1893 2178 1959 commutari
2233 1901 2466 1977 coepta
2526 1902 2647 1972 est,

487 1995 611 2060 hae
668 1995 834 2060 duae
888 1996 1180 2061 rationes
1240 1995 1389 2060 fieri
1443 2006 1578 2059 non
1623 1995 1862 2079 potuit,
1922 1992 2082 2079 quin
2127 1996 2305 2061 inter
2358 2017 2430 2062 se
2475 2018 2649 2062 com-

490 2101 945 2164 miscerentur.
1056 2099 1168 2162 Ex
1237 2119 1365 2181 quo
1430 2098 1680 2163 factum
1746 2105 1848 2162 est
1874 2148 1889 2174 ,
1956 2107 2033 2163 ut
2098 2098 2381 2164 aliorum
2449 2101 2648 2166 etiam

487 2202 903 2267 schematum
956 2208 1330 2267 structurae
1386 2200 1853 2279 formarentur,
1922 2202 2111 2266 velut
2177 2203 2346 2263 τοῦτο
2412 2200 2648 2284 ἐγένετο

488 2307 610 2388 πρίν
677 2326 798 2366 τινα
863 2303 1001 2365 ἄλλο
1069 2327 1119 2365 τι
1173 2309 1398 2387 ποιῆσαι
1451 2306 1597 2372 sive
1652 2306 1822 2365 τοῦτο
1883 2303 2148 2387 ἐποίησέν
2201 2329 2287 2373 τις
2334 2309 2457 2390 πρὶν
2509 2306 2647 2370 ἄλλο

488 2431 539 2468 τι
578 2408 874 2490 γενέσθαι.
977 2407 1153 2477 Ecce
1211 2429 1474 2473 causam
1517 2408 1913 2492 multiplicis
1959 2410 2286 2476 infinitivi
2329 2411 2516 2476 usus!
2565 2448 2648 2458 -—-

491 2512 624 2580 Sed
668 2513 845 2578 dicet
887 2513 1234 2598 quispiam,
1290 2512 1490 2596 quid?
1577 2511 2077 2595 Repetitionem
2131 2513 2318 2586 illam
2372 2516 2647 2579 voculae

485 2619 608 2700 πρίν
652 2616 828 2701 apud
871 2617 1244 2682 Homerum
1289 2625 1428 2682 tam
1471 2615 1771 2682 crebram
1816 2616 2141 2700 quomodo
2187 2625 2264 2682 tu
2308 2619 2601 2702 explicas
2617 2622 2648 2683 ἱ)

484 2720 597 2784 Ex
641 2728 872 2786 nostra
927 2719 1288 2804 hypothesi
1341 2720 1643 2803 sequitur
1696 2720 2091 2804 particulam
2137 2722 2260 2801 πρίν
2318 2721 2646 2804 imprimis

485 2824 859 2888 membrum
927 2843 1069 2887 esse
1135 2824 1467 2888 enuntiati
1533 2824 1875 2907 primarii,
1945 2824 2132 2888 cuius
2198 2824 2377 2888 inter
2442 2823 2650 2889 verba

488 2926 795 3011 proprius
841 2926 905 2989 ei
947 2924 1131 2990 locus
1170 2923 1505 2989 debeatur.
1586 2924 1915 3004 Quoniam
1949 2932 2172 2990 autem
2216 2924 2441 2990 eadem
2500 2947 2649 3010 par-

485 3029 696 3095 ticula
739 3028 822 3093 ad
865 3028 1283 3093 infinitivum
1327 3027 1805 3109 quodammodo
1851 3029 2160 3112 pertinet,
2215 3050 2436 3093 nonne
2494 3050 2649 3095 con-

487 3139 877 3198 sentaneum
925 3139 1028 3197 est
1071 3152 1216 3196 eam
1259 3131 1755 3215 perspicuitatis
1801 3152 1998 3197 causa
2034 3137 2190 3196 ante
2231 3132 2649 3197 infinitivum

487 3237 675 3321 quasi
706 3236 1169 3318 ἐπαναληπτικῶς·
1193 3236 1426 3320 repeti,
1472 3236 1867 3318 praesertim
1896 3235 1955 3299 si
1986 3236 2250 3320 longius
2290 3235 2647 3304 verborum

488 3340 921 3407 intervallum
964 3339 1365 3405 intercedit?

662 3442 858 3525 Quod
912 3450 990 3507 ut
1046 3442 1452 3509 luculentius
1498 3443 2051 3521 demonstremus,
2111 3464 2193 3508 ex
2239 3464 2479 3529 magna
2534 3465 2649 3508 ex-

487 3547 858 3631 emplorum
902 3546 1078 3613 silva
1121 3546 1246 3611 hoc
1290 3547 1613 3631 eligamus
1659 3547 1728 3625 Χ,
1782 3545 1932 3611 154:

1606 3649 1703 3709 ὅθι
1747 3651 1957 3731 sipara
2000 3650 2340 3731 σιγαλόεντα

796 3749 1107 3813 πλύνεσκον
1157 3750 1371 3834 Τρώων
1416 3749 1620 3835 ἄλοχοι
1661 3753 1843 3812 καλαί
1874 3773 1941 3812 τε
1985 3750 2280 3836 θύγατρες

794 3856 861 3915 τὸ
906 3856 1050 3938 πρίν,
1095 3851 1184 3915 ἐπ’
1225 3854 1466 3937 εἰρήνης,
1513 3855 1635 3938 πρὶν
1681 3855 1808 3922 υἷας
1846 3853 2036 3916 ἐλθεῖν
2084 3853 2339 3940 Ἀχαιῶν.

603 4027 609 4034 ,
657 3960 928 4036 Fuerat,
975 3980 1180 4041 quum
1225 3958 1667 4023 Troianorum
1709 3981 1952 4025 uxores
2001 3960 2305 4042 filiaeque
2359 3959 2431 4022 in
2487 3978 2648 4040 pace

488 4070 684 4145 atque
729 4064 865 4129 otio
912 4064 1313 4129 vestimenta
1361 4062 1686 4128 lavarent.
1776 4064 1926 4129 Hoc
1982 4063 2299 4145 temporis
2355 4059 2645 4143 spatium

489 4165 822 4248 triplicem
885 4166 957 4232 in
1026 4166 1294 4232 modum
1339 4166 1823 4232 determinatur
1881 4187 1920 4230 a
1973 4172 2186 4248 poeta.
2276 4162 2507 4225 Primo
2575 4158 2648 4219 in
