3088 4580
2507 283 2581 349 21

431 478 622 543 Mera
694 476 848 541 huic
920 479 1296 539 structurae
1369 471 1598 538 subest
1670 470 1840 537 ratio
1915 472 2385 556 comparativa,
2462 494 2590 556 qua

435 579 809 646 infinitivus
839 584 1244 662 procreatur.
1319 577 1402 641 In
1434 575 1996 659 compa-rationem
2026 597 2338 643 vocemus
2369 575 2588 641 locum

430 684 553 764 VI,
626 682 688 762 4,
762 680 803 746 2
879 678 1092 761 (ἔτεσιν
1167 679 1411 762 ὕστερον
1485 678 1695 739 ἑκατὸν
1768 676 1802 760 ἢ
1868 677 2080 745 αὐτοὺς·
2147 679 2400 758 οἰκίσαι),
2473 678 2589 744 ubi

430 786 676 870 ὕστερον
705 785 742 869 ἥ
771 806 926 850 cum
962 784 1305 850 infinitivo
1337 782 1721 867 copulatum
1749 790 1869 847 est.
1935 781 2170 865 Itaque
2201 780 2589 847 adverbium

434 893 718 973 πρότερον
771 909 1133 971 numquam
1189 885 1337 951 fieri
1397 885 1620 969 potuit
1680 893 1758 951 ut
1812 885 2116 968 sequenti
2173 883 2208 968 ἦ
2265 885 2592 970 particula

432 1002 701 1059 careret.
817 991 1037 1075 Quam
1101 990 1183 1056 ob
1250 1011 1391 1054 rem
1456 989 1680 1054 locum
1746 988 1944 1067 VIII,
2012 987 2117 1067 45,
2180 989 2219 1053 5
2280 987 2590 1053 Vaticani

435 1097 676 1162 codicis
721 1096 1184 1161 auctoritatem
1229 1093 1458 1170 secuti,
1503 1093 1620 1175 qui
1663 1091 1845 1157 solus
1888 1089 1944 1174 ἤ,
1989 1090 2163 1175 quod
2209 1090 2413 1157 ceteri
2453 1113 2589 1156 non

432 1200 698 1278 habent,
745 1199 1061 1277 servavit,
1118 1198 1214 1262 sic
1258 1196 1653 1262 scribemus:
1700 1196 1769 1256 αἳ
1814 1194 1881 1262 ἐς
1924 1193 2269 1279 Ἀθηναίους
2308 1195 2589 1280 νφότερυν

433 1302 479 1384 ἢ
509 1303 820 1385 ἀποστῆναι
864 1301 1119 1384 ἀνήλουν.
1166 1336 1253 1345 -
1296 1299 1621 1365 Rationes
1678 1299 1886 1365 trium
1941 1299 2215 1364 illorum
2272 1299 2587 1377 locorum,

433 1407 544 1489 qui
599 1407 882 1489 πρότερον
925 1440 1011 1448 —-
1054 1401 1092 1485 ἤ
1147 1425 1300 1469 cum
1353 1403 1697 1469 infinitivo
1755 1403 2061 1468 iunctum
2123 1403 2463 1487 praebent,
2532 1405 2591 1469 si

434 1509 609 1575 inter
652 1531 722 1574 se
768 1507 1391 1591 comparaverimuS,
1448 1506 1796 1571 consensio
1851 1507 2332 1572 sententiarum
2396 1507 2588 1592 facile

431 1612 795 1697 apparebit.
895 1609 1237 1676 Infinitivi
1288 1609 1469 1674 enim
1521 1630 1631 1673 res
1691 1629 1846 1674 vere
1913 1609 2121 1675 factas
2182 1610 2587 1693 exprimunt.

435 1715 749 1798 Exempli
802 1715 1018 1798 gratia
1061 1711 1550 1778 consideremus
1595 1711 1817 1776 locum
1860 1712 1916 1790 I,
1962 1709 2065 1790 69,
2112 1713 2179 1778 5:
2226 1712 2323 1772 τόν
2367 1735 2433 1774 τε
2473 1712 2589 1795 γὰρ

438 1817 630 1899 Μῆδον
675 1816 837 1877 αὐτοὶ
878 1814 1040 1898 ἴσμεν
1071 1814 1141 1876 ἐκ
1169 1815 1436 1897 περάτων
1470 1818 1576 1897 γῆς
1600 1814 1884 1897 πρότερον
1916 1812 2005 1875 ἐπὶ
2034 1814 2131 1897 τὴν
2161 1816 2589 1899 Πελυπόννησον

435 1919 681 1981 ἐλθόντα
767 1918 801 2002 ἢ
883 1919 956 1980 τὰ
1028 1916 1164 2002 παρ’
1249 1918 1407 1999 ὑμῶν
1492 1916 1677 1988 ἀξίως
1732 1922 2191 2001 ηοοαπαντῆσας
2266 1919 2392 1984 hoc
2458 1930 2588 1986 est:

434 2024 793 2089 Persarum
849 2043 1072 2108 regem
1127 2021 1372 2087 scimus
1417 2042 1501 2086 ex
1548 2020 1805 2085 ultimis
1849 2029 2066 2086 terrae
2112 2022 2360 2089 finibus
2403 2024 2588 2108 prius

434 2128 516 2193 ad
546 2128 1088 2211 Peloponnesum
1133 2125 1536 2210 pervenisse,
1584 2143 1781 2207 quam
1825 2144 1864 2188 a
1906 2124 2099 2190 nobis
2135 2125 2383 2192 bellum
2427 2129 2590 2193 satis

433 2240 741 2316 paratum
798 2238 918 2296 cst.
965 2266 1050 2278 -
1100 2228 1456 2316 singulare
1501 2229 1884 2314 exemplum
1944 2236 2168 2295 exsta-t
2226 2231 2321 2311 II,
2367 2230 2472 2311 40,
2528 2232 2586 2311 2,

437 2335 548 2400 ubi
593 2336 877 2417 τςοότερον
921 2371 1006 2381 -
1049 2334 1088 2418 ἤ
1137 2336 1219 2401 ad
1273 2333 1674 2401 sententiam
1718 2332 2099 2418 negativam
2144 2354 2215 2399 se
2258 2334 2589 2421 adiungit:

433 2438 501 2498 οὐ
556 2438 694 2505 τοὺς·
748 2439 957 2521 λόγους
1007 2445 1128 2506 τοῖς
1179 2435 1377 2521 ἔργοις
1425 2437 1657 2521 βλάβην
1709 2435 2016 2520 ἡγούμενοι
2077 2437 2222 2499 ἀλλὰ
2268 2437 2348 2521 μὴ
2392 2441 2587 2523 προδι-

430 2542 712 2626 δαχθῆναι
776 2544 994 2625 μᾶλλον
1059 2543 1215 2625 λόγῳ
1281 2542 1567 2625 πρότερον
1630 2542 1665 2624 ἢ
1731 2540 1818 2601 ἐπὶ
1884 2540 1923 2601 ἃ
1988 2541 2093 2602 δεῖ
2151 2537 2314 2623 ἔργῳ
2382 2540 2590 2613 ἐλθεῖν,

431 2643 683 2712 Sensus
729 2654 833 2712 est
882 2646 1020 2712 hic:
1081 2668 1217 2711 non
1277 2645 1483 2711 verba
1523 2645 1716 2711 factis
1771 2644 2011 2710 damno
2064 2665 2207 2709 csse
2262 2644 2586 2727 arbitra-ti,

429 2732 545 2816 sed
585 2751 800 2817 multo
845 2751 1282 2836 perniciosius
1326 2750 1470 2829 (scl.
1511 2748 1847 2826 arbitrati)
1890 2770 2028 2814 non
2056 2747 2279 2815 verbis
2311 2750 2588 2831 edoceri,

420 2854 812 2937 priusquam
868 2853 1015 2937 quis
1083 2853 1166 2917 ad
1230 2875 1371 2918 rem
1437 2852 1797 2938 gerendam
1861 2873 2005 2917 sese
2069 2852 2458 2936 paravisset.
2510 2889 2585 2902 —-

428 2956 657 3020 Etiam
738 2955 863 3033 VI,
953 2952 1056 3032 34,
1145 2953 1187 3017 4
1271 2954 1417 3019 loco
1499 2954 1793 3038 undique
1890 2961 2149 3020 tentato
2236 2953 2593 3023 formulam

430 3058 713 3140 πρότερον
763 3092 837 3102 -
887 3054 924 3138 ἢ
968 3076 1120 3120 cum
1162 3056 1505 3123 infinitivo
1552 3057 1997 3122 consociatam
2040 3056 2246 3122 latere
2303 3061 2591 3143 suspicio

428 3159 621 3226 facile
666 3158 929 3225 existet.
1007 3158 1091 3222 In
1128 3157 1463 3223 codicibus
1506 3160 1825 3245 leguntur
1869 3159 2074 3227 verba
2116 3160 2305 3227 haec:
2352 3161 2420 3222 οὐ
2464 3165 2593 3247 περὶ

429 3269 497 3346 τῇ
541 3263 775 3345 Σικελίᾳ
816 3261 1100 3345 πρότερον
1143 3262 1177 3321 ὖ
1222 3261 1380 3343 ἀγὼν
1425 3258 1591 3323 ἔσται
1633 3262 1668 3346 ἢ
1731 3263 1833 3323 τοῦ
1887 3262 2145 3333 ἐκείνους
2198 3266 2592 3349 περαιωθῆναι

429 3366 527 3426 τὸν
585 3364 811 3426 Ἰόνιον.
899 3363 1194 3429 Dobraei
1262 3366 1642 3433 coniectura
1706 3368 1835 3450 περὶ
1899 3372 2002 3451 τῆς
2054 3369 2333 3443 Σικελίας,
2390 3392 2590 3454 quam

434 3468 736 3534 Stahlius
802 3469 874 3533 in
939 3475 1202 3534 textum
1268 3471 1541 3554 recepit,
1610 3471 1831 3537 locum
1892 3493 2030 3536 non
2081 3482 2388 3540 sanatum
2446 3496 2589 3539 csso

429 3580 609 3656 put0,
689 3579 1041 3656 propterea
1111 3572 1287 3656 quod
1352 3574 1840 3640 sententiarum
1910 3596 2199 3641 conexus
2267 3584 2586 3644 mutatur.

428 3675 729 3758 Namque
759 3682 914 3741 ante
960 3677 1060 3735 τοῦ
1091 3676 1387 3760 suppleri
1417 3677 1571 3743 vult
1599 3680 1746 3762 περί,
1793 3679 1890 3744 ita
1917 3685 1996 3744 ut
2025 3677 2093 3739 οὐ
2122 3679 2407 3762 qoam-pov
2436 3717 2521 3728 —
2551 3680 2589 3764 ἧ

426 3780 562 3845 fere
583 3778 759 3844 idem
787 3778 1007 3846 valeat
1029 3799 1102 3844 ae
1127 3778 1194 3839 υύ
1213 3781 1427 3861 μᾶλλον
1447 3816 1536 3826 -
1558 3778 1612 3862 ἦ.
1669 3781 1900 3865 Neque
1922 3782 2054 3867 ipsi
2074 3781 2243 3847 mihi
2264 3783 2588 3850 medelam

426 3883 580 3948 huic
627 3883 771 3948 loco
818 3883 1054 3948 afferre
1100 3883 1401 3970 contigit.
1477 3882 1695 3966 Quam
1724 3885 2005 3950 nuncin
2047 3885 2340 3952 medium
2371 3888 2587 3971 prola-

428 3994 616 4052 turus
660 4009 807 4052 sum
839 3986 1373 4071 explicationem,
1420 4008 1565 4053 eam
1600 3987 1994 4073 benignitati
2023 3988 2218 4054 Rich.
2248 3989 2588 4055 Foersteri

429 4098 761 4172 acceptam
804 4090 1040 4170 refero,
1087 4091 1201 4174 qui
1231 4112 1419 4156 suam
1461 4091 1541 4157 de
1585 4092 1712 4158 hoc
1739 4092 1886 4158 loco
1917 4092 2297 4176 opinionem
2328 4109 2585 4156 mecum

432 4193 966 4261 communicavit.
1056 4193 1246 4259 Nihil
1291 4195 1469 4260 enim
1514 4202 1742 4261 censet
1784 4215 1928 4260 esse
1979 4193 2371 4259 mutandum
2383 4214 2400 4271 ;
2459 4195 2600 4274 περί
