3088 4580
554 276 642 345 38

553 468 855 535 Verbum
898 468 1078 534 enim
1121 490 1357 554 regens
1401 475 1506 533 est
1549 467 1757 550 ἀμῦναι
1800 468 1908 529 οὐκ
1950 466 2253 549 &rivam-03
2297 468 2470 534 illud
2506 468 2719 551 εζογον,

556 572 727 656 quod
780 572 1004 656 paullo
1048 579 1203 636 ante
1247 572 1514 656 legitur,
1571 572 1955 656 parenthesi
2000 571 2300 637 additum
2342 580 2464 652 est,
2522 594 2720 656 quam

558 673 860 740 Stahlius
916 674 1105 739 uncis
1151 673 1497 740 indicavit.

727 779 831 841 Ac
875 777 1165 860 primum
1226 776 1492 860 quidem
1548 799 1666 841 sex
1697 776 1844 843 „illa
1901 777 2208 861 exempla
2263 778 2717 856 tractabimuS,

555 900 721 962 quae
780 879 862 944 ad
922 881 1323 949 sententiam
1380 880 1855 946 affirmativam
1909 880 2268 964 pertinent.
2362 880 2586 961 Quum
2632 881 2718 945 si-

559 984 746 1048 milia
787 984 1096 1054 eiusdem·
1115 984 1426 1049 dictionis
1458 982 1766 1067 exempla
1792 983 1926 1047 nisi
1970 981 2144 1066 apud
2173 991 2402 1067 poetas
2433 983 2718 1068 tragicos

555 1087 692 1150 fere
737 1108 873 1151 non
916 1087 1369 1165 inveniantur,
1415 1086 1525 1151 hic
1569 1107 1730 1150 usus
1762 1086 2106 1151 Atticismi
2148 1087 2537 1153 vetustioris
2568 1109 2721 1171 pro-

556 1189 740 1273 prius
804 1190 1011 1254 fuisse
1069 1188 1353 1256 videtur.
1444 1190 1589 1253 Iam
1646 1189 2015 1254 rectissime
2075 1189 2299 1254 Lueth
2357 1190 2714 1255 Prausium

556 1294 988 1378 vituperavit,
1067 1293 1240 1377 quod
1321 1292 1500 1358 hunc
1565 1314 1760 1357 usum
1827 1292 2154 1376 imprimis
2221 1293 2718 1358 memorabilem

558 1406 689 1461 tam
736 1397 980 1463 leviter
1008 1398 1251 1482 attigit.
1344 1397 1582 1480 Itaque
1615 1396 1754 1478 ipse
1786 1394 2070 1477 quidem,
2118 1416 2513 1477 quamquam
2545 1396 2719 1480 apud

557 1508 852 1565 oratores
916 1500 1181 1566 Atticos
1243 1520 1376 1564 11110
1437 1499 1796 1563 Aeschinis
1849 1498 1921 1561 in
1978 1499 2277 1562 oratione
2333 1499 2723 1564 Timarchea

558 1603 704 1667 1000
761 1609 1039 1685 excepto
1093 1604 1217 1684 αφίν
1270 1622 1421 1666 011111
1473 1601 1839 1667 indicativo
1904 1601 2336 1666 antecedente
2389 1604 2724 1668 sententia

558 1705 967 1771 affirmativa
1032 1726 1169 1770 non
1234 1712 1475 1785 exstat,
1554 1705 1925 1769 accuratius
2004 1704 2083 1768 de
2145 1704 2269 1768 hac
2334 1726 2407 1769 re
2472 1705 2663 1771 dixit.
2681 1708 2723 1782 ¹)

559 1810 784 1891 Atque
839 1807 956 1872 ille
1012 1807 1277 1891 quidem
1330 1829 1417 1874 ne
1475 1829 1633 1873 suae
1687 1807 1898 1891 ipsius
1955 1809 2035 1874 de
2078 1810 2202 1892 πρίν
2258 1808 2722 1896 coniunctione

558 1911 932 1977 sententiae
1006 1912 1079 1977 in
1151 1912 1487 1997 prooemio
1561 1911 1904 1996 expositae
1978 1913 2472 1990 adversaretur,
2549 1913 2722 1977 hanc

558 2015 918 2081 dictionem
990 2016 1179 2099 quasi
1252 2024 1446 2080 extra
1524 2015 1826 2101 regulam
1898 2036 2143 2099 ponere
2217 2023 2483 2080 coactus
2556 2023 2716 2081 erat.

558 2119 865 2202 Namque
906 2119 1100 2184 initio
1146 2119 1635 2184 dissertationis
1682 2118 2038 2196 ,sententia
2065 2117 2495 2183 antecedente
2527 2141 2723 2204 nega-

560 2222 700 2286 tiva
745 2223 869 2303 πρίν
916 2221 1372 2286 correlationis
1406 2223 1517 2288 via
1549 2222 2035 2287 coniunctionis
2066 2229 2373 2286 naturam
2403 2222 2721 2288 induisse‘

560 2326 923 2404 dixerat32)
980 2346 1110 2408 qua
1169 2347 1253 2389 ex
1309 2346 1382 2389 re
1443 2326 1748 2408 sequitur
1806 2348 1956 2391 eum
2017 2325 2244 2391 modos
2301 2327 2530 2391 finitos
2591 2328 2721 2391 nisi

555 2428 889 2494 sententia
954 2426 1384 2492 antecedente
1446 2429 1761 2514 negativa
1821 2428 2176 2494 concedere
2241 2451 2379 2493 non
2435 2428 2719 2514 posse.³)

556 2530 767 2594 Valde
816 2552 970 2593 eum
1034 2529 1138 2593 his
1194 2532 1500 2612 quamvis
1546 2532 1791 2615 paucis,
1850 2540 2072 2596 tamen
2132 2552 2264 2595 11011
2307 2533 2529 2596 minus
2573 2555 2722 2617 gra-

558 2633 752 2698 vibus
783 2633 967 2711 lociS,
1015 2633 1130 2716 qui
1163 2632 1604 2698 indicativum
1634 2641 1788 2717 post
1817 2635 2218 2699 sententiam
2249 2635 2721 2701 affirmativam

561 2736 911 2821 praebent,
989 2736 1357 2800 cruciatum
1429 2757 1574 2801 esse
1647 2736 1840 2801 facile
1912 2737 2349 2822 intellegitur.
2473 2740 2723 2806 Nostra

554 2850 778 2906 autem
822 2841 993 2905 ratio
1048 2848 1312 2905 tantum
1356 2839 1564 2917 abest,
1623 2848 1699 2905 ut
1755 2840 2134 2906 huiusmodi
2179 2844 2536 2909 structuris
2582 2853 2722 2910 tur-

555 2944 772 3020 betur,
821 2952 897 3009 ut
942 2944 1393 3009 confirmetur.
1485 2941 1737 3006 Utrum
1791 2944 2055 3029 negatio
2100 2945 2447 3024 antecedat
2490 2968 2720 3029 necne,

553 3068 745 3129 quam
819 3047 1013 3130 parvi
1084 3047 1372 3126 intersit,
1449 3047 1646 3112 modo
1725 3046 2179 3112 demonstrare
2258 3049 2720 3130 studuimuS.‘²)

556 3149 753 3230 Quod
782 3157 1108 3231 quatenus
1154 3150 1235 3214 ad
1280 3151 1460 3217 locos
1493 3150 1956 3236 Thucydideos
1988 3151 2228 3230 valeat,
2269 3151 2527 3218 duobus
2559 3154 2722 3219 locis

551 3254 729 3317 inter
815 3274 885 3316 se
973 3254 1371 3336 comparatis
1456 3262 1848 3319 statuamus
1981 3254 2264 3336 Legitur
2340 3256 2394 3332 Ι,
2470 3254 2573 3334 51,
2650 3255 2718 3320 2;

553 3355 889 3436 ἐθάυμαζον
965 3355 1102 3422 τοὺς
1164 3357 1503 3440 Κορινθίους
1571 3356 1824 3440 πρύμναν
1895 3356 2307 3438 κρουομένους,
2382 3361 2505 3441 ηοίν
2579 3379 2729 3425 τινες

552 3459 774 3524 ἰδόντες
814 3457 970 3519 εἷπον
1015 3460 1101 3520 ὅτι
1144 3464 1277 3543 νῆες
1317 3460 1531 3522 ἐκεῖναι
1577 3457 1915 3519 ἐπιπλέουσι.
2004 3458 2292 3524 Actione
2338 3460 2725 3526 secundaria

552 3562 851 3625 intrante
924 3562 1096 3627 actio
1171 3563 1488 3645 primaria
1560 3560 1896 3644 extemplo
1971 3562 2166 3626 finita
2231 3572 2353 3628 est.
2465 3564 2722 3630 Eodem

552 3663 745 3729 modo
793 3664 925 3739 III,
981 3664 1120 3740 101,
1181 3663 1221 3728 2
1276 3685 1346 3729 se
1401 3664 1631 3730 habet:
1693 3666 1790 3726 καὶ
1819 3663 1888 3727 Ὺ
1877 3672 1991 3726 αἴοι
2035 3665 2141 3727 οὐκ
2186 3664 2404 3728 ἔδοσαν
2448 3668 2720 3751 ὁμήρους,

562 3767 685 3848 πρὶν
747 3766 935 3827 αὐτῶν
1002 3767 1152 3827 εἷλον
1217 3766 1432 3850 κώμην.
1529 3769 1750 3853 Hyaei
1827 3770 2004 3834 enim
2082 3770 2341 3836 obsides
2420 3793 2722 3836 recusare

726 3936 767 4002 1)
802 3935 974 4003 Idem,
1011 3934 1044 3987 l.
1082 3935 1115 3987 l.
1151 3951 1281 4004 pag.
1319 3936 1538 3990 37-39.

725 4020 769 4086 2)
806 4018 1002 4086 Lueth,
1039 4019 1074 4073 1.
1111 4020 1144 4073 l.
1180 4037 1311 4089 pag.
1349 4022 1396 4075 7.

723 4105 770 4170 3)
806 4104 1003 4172 Lucth,
1042 4105 1074 4158 l.
1111 4106 1143 4158 l.
1182 4122 1312 4174 pag.
1350 4107 1432 4160 35.

724 4191 769 4258 ⁴)
808 4189 889 4245 Of.
926 4206 1056 4260 pag.
1094 4192 1163 4245 33
1200 4195 1256 4245 et
1291 4190 1374 4245 34.
