3088 4580
2545 240 2627 304 59

725 425 1152 508 subsequitur
1181 426 1549 508 praesentis
1593 425 1994 489 infinitivus,
2085 426 2367 511 Negatio
2413 429 2628 493 sexies

724 529 1074 594 antecedit.
1178 528 1433 610 Quatei·
1485 529 1687 594 ctiam
1749 528 2034 610 τςοότερυν
2084 565 2157 575 --
2206 532 2330 612 πρίν
2385 538 2625 598 exstat.

728 630 1045 697 Oratores
1095 633 1308 697 Attici
1364 633 1708 698 infinitivo
1764 632 1996 698 aoristi
2054 632 2319 698 circiter
2374 635 2624 700 centies

723 728 1175 821 quinquagies,
1230 736 1600 819 praesentis
1646 735 2021 818 quindecim
2067 735 2231 800 locis
2286 736 2391 801 usi
2448 748 2625 815 sunt,

725 862 1007 922 quorum
1094 863 1212 906 sex
1288 838 1784 916 Demosthenis,
1877 838 2274 905 Aeschinis·
2315 849 2628 923 quattuor

727 951 904 1009 sunt.
998 943 1131 1024 Qui
1161 943 1438 1027 perfecti
1480 943 1895 1010 infinitivum
1941 942 2265 1008 exhibent
2308 943 2439 1008 loci
2471 953 2629 1010 sunt

728 1047 1094 1131 suspiciosi.
1183 1046 1633 1112 Enuntiatum
1683 1046 2069 1131 prima-rium
2128 1046 2293 1111 locis
2348 1047 2626 1113 undevi-

725 1149 895 1233 ginti
940 1152 1291 1235 negatione
1337 1157 1755 1215 exstructum
1801 1158 1923 1227 est,
1993 1169 2273 1233 quorum
2319 1149 2627 1217 undecim

723 1253 895 1338 apud
910 1255 1429 1322 Demosthenem
1457 1254 1914 1319 inveniuntur.
1961 1253 2319 1319 Formulae
2343 1255 2628 1338 πρότερον

721 1393 805 1403 -
850 1360 973 1440 πρίν
1018 1360 1231 1425 multo
1277 1357 1541 1441 saepius
1589 1355 2034 1423 indulserunt.

638 1460 728 1524 11.
803 1460 1001 1526 Ratio
1044 1462 1224 1527 modi
1269 1460 1450 1549 finiti
1493 1480 1532 1522 a
1575 1460 1698 1540 νςυίν
1754 1459 2218 1525 coniunctione
2275 1461 2625 1544 pendentis

468 1563 628 1626 haec
672 1571 799 1627 cst:

604 1665 665 1739 1)

726 1663 910 1728 Indi
931 1666 1146 1729 cativ
1166 1686 1290 1729 um
1336 1661 1757 1748 Thucydides
1804 1661 2146 1728 duodecim
2191 1663 2354 1729 locis
2399 1687 2626 1732 ursui·-

727 1766 933 1849 pavit,
965 1769 1198 1832 novies
1231 1768 1482 1844 aoristi,
1516 1766 1619 1830 bis
1650 1766 2021 1850 praesentis
2050 1767 2374 1846 historici,
2421 1770 2624 1835 semel

725 1871 1111 1955 imperfecti.
1195 1869 1429 1937 Sexies
1461 1871 1794 1935 sententia
1823 1876 1926 1935 est
1953 1870 2375 1950 affirmativa,
2407 1873 2624 1938 sexies

724 1976 1054 2059 negativa.
1117 1973 1534 2041 Sententiam
1560 1973 2033 2038 affirmativam
2069 1975 2370 2057 sequitur
2392 1983 2626 2058 quater

724 2082 847 2161 πρὶν
892 2079 984 2160 δή,
1039 2079 1241 2144 semel
1298 2080 1422 2160 πρίν
1465 2098 1536 2158 γε
1593 2075 1684 2156 δή,
1739 2075 1914 2158 quod
1969 2075 2174 2140 semel
2216 2076 2418 2140 etiam
2473 2087 2626 2160 post

722 2183 1139 2266 negationem
1185 2181 1475 2246 occurrit
1519 2201 1669 2244 cum
1715 2186 2062 2263 praesento
2108 2179 2426 2244 historico
2472 2201 2624 2246 con-

723 2286 1040 2352 iunctum.
1131 2284 1414 2352 Duobus
1468 2284 1632 2350 locis
1689 2289 1913 2349 exstat
1955 2281 2024 2344 οὐ
2053 2283 2338 2367 πρότερον
2365 2320 2453 2328 -
2481 2286 2623 2367 πρίν,

725 2411 859 2453 non
880 2389 1102 2454 minus
1126 2410 1319 2473 saepe
1352 2388 1420 2449 οὐ
1451 2390 1735 2472 ’φύτερον
1756 2423 1843 2432 -
1866 2385 1920 2469 ἧ.
1978 2385 2425 2452 Coniuncti
2443 2409 2623 2452 vum

725 2514 874 2556 cum
930 2493 1053 2574 ⁷3er
1108 2493 1573 2559 coniunctione
1630 2492 1971 2575 copulavit
2023 2490 2354 2569 undecieS,
2408 2489 2622 2556 decies

719 2595 968 2673 aoristi,
1037 2596 1243 2660 semel
1308 2596 1676 2680 praesentis
1732 2591 1963 2676 (ὦμεν).
2068 2591 2304 2659 Sexies
2370 2592 2623 2658 addidit

721 2697 807 2770 ἄν,
853 2700 1203 2783 quinquies
1251 2701 1505 2780 omisit3
1552 2719 1915 2781 numquam
1958 2695 2289 2762 antecedit
2317 2697 2620 2779 πρότερον,

720 2802 895 2882 quod
940 2804 1144 2867 semel
1191 2824 1343 2869 cum
1370 2803 1409 2885 ἦ
1437 2801 1768 2887 particula
1797 2801 2225 2864 coniunctum
2255 2799 2619 2867 invenitur.

724 2899 784 2965 O
803 2904 1498 2983 ptativumvduobus
1523 2905 1688 2970 locis
1725 2905 1952 2988 posuit
1986 2902 2306 2968 vocabulo
2337 2904 2619 2987 πρότερον

722 3023 857 3066 non
903 3001 1125 3068 addito
1170 3005 1242 3069 in
1288 3008 1585 3073 oratione
1631 3007 1915 3090 obliqua.

723 3104 1257 3172 Indicativus
1324 3109 1497 3192 apud
1554 3108 2073 3192 Xenophontem
2131 3108 2336 3173 vicies
2402 3130 2440 3171 a
2496 3112 2618 3192 τςοίν

723 3208 1186 3275 coniunctione
1229 3210 1474 3294 pendet
1518 3220 1587 3276 et
1629 3212 1745 3276 ille
1789 3212 2051 3294 quidem
2100 3233 2359 3295 semper
2389 3213 2618 3278 aoristi

724 3317 880 3395 (quo
925 3313 995 3376 in
1041 3336 1317 3379 numero
1365 3315 1492 3380 duo
1538 3314 1928 3397 imperfecta
1963 3312 2099 3395 ἧκον
2143 3322 2211 3378 et
2254 3313 2359 3396 ἧκε
2387 3337 2618 3380 nume-

720 3413 925 3480 randa
968 3420 1176 3495 sunt).
1267 3418 1573 3503 Excepto
1603 3439 1735 3481 uno
1781 3417 1926 3481 loco
1957 3438 2217 3500 semper
2248 3439 2406 3482 vera
2434 3428 2617 3485 ante-

723 3516 897 3582 cedit
962 3520 1246 3603 negati‘O,
1324 3542 1491 3603 quae
1561 3522 1778 3587 sexies
1854 3542 2003 3585 cum
2078 3540 2241 3586 voce
2314 3521 2614 3604 τςοότερον,

720 3619 934 3685 decies
980 3642 1130 3686 cum
1159 3623 1482 3688 vocabulo
1528 3624 1788 3706 πρόσθεν
1819 3622 2170 3688 coniuncta
2200 3629 2320 3688 est.
2393 3622 2615 3690 Semel

718 3721 1035 3788 habemus
1123 3726 1246 3806 τςοίν
1331 3749 1421 3808 γε.
1556 3727 1746 3793 Oum
1852 3725 2392 3791 coniunctivo
2493 3729 2615 3810 νςοίν

720 3826 1096 3891 coniunctio
1129 3827 1413 3894 sedecim
1443 3830 1608 3895 locis
1642 3830 2061 3895 consociatur
2104 3838 2172 3894 et
2200 3829 2317 3893 illo
2350 3828 2613 3912 quidem

718 3949 969 4011 semper
1020 3929 1250 3994 aoristi
1295 3942 1573 4016 excepto
1613 3955 1746 3998 uno
1793 3932 2217 3998 coniunctivo
2247 3934 2614 4016 praesentis

716 4031 930 4111 ἡγῆται.
1018 4030 1138 4095 Bis
1168 4034 1498 4115 particula
1529 4033 1598 4094 ἄν
1628 4035 1840 4114 deest3
1887 4034 2090 4099 semel
2122 4042 2343 4099 exstat
2373 4037 2496 4116 πρίν
2524 4057 2614 4114 γε.

715 4131 798 4195 In
828 4133 1176 4199 enuntiato
1206 4135 1522 4217 primario
1555 4146 1658 4201 ter
1687 4138 2032 4203 invenitur
2061 4138 2363 4220 τςυύτερυν,
2411 4137 2614 4200 semel
