3088 4580
519 306 558 373 6

521 495 762 560 obiecti
807 494 1026 560 locum
1072 503 1299 560 tenere
1343 493 1779 572 existimavit,
1826 502 2026 579 prout
2060 477 2252 558 inodo
2286 494 2443 566 εἶναι,
2491 495 2686 560 modo

520 603 694 658 ποιεῖν
760 618 844 661 ex
911 597 1255 662 enuntiato
1310 596 1628 680 primario
1696 581 2139 681 supplendum
2196 598 2302 663 sit.
2407 598 2542 665 Sed
2603 622 2686 663 ex

519 700 828 784 ellipseos
895 703 1112 785 figura
1175 699 1727 764 artificiosissime
1790 722 1831 764 a
1893 701 2343 785 grammaticis
2403 704 2689 767 conficta

523 810 896 868 structurae
962 813 1099 868 tam
1171 810 1475 869 vetustae
1542 812 1610 868 et
1673 803 1807 868 iam
1874 803 2048 887 apud
2114 804 2484 869 Homerum
2551 814 2688 870 tam

523 906 789 971 crebrae
834 907 1159 991 originem
1205 906 1632 990 repetendam
1685 928 1827 971 esse
1872 928 2110 972 vereor
2155 915 2230 972 ut
2273 908 2684 991 probandum

521 1011 628 1075 sit.
719 1010 938 1088 Viam,
997 1031 1126 1092 qua
1180 1009 1262 1074 ad
1317 1010 1672 1075 veritatem
1715 1011 1987 1094 propius
2036 1011 2439 1090 accedamuS‚
2495 1012 2688 1077 nobis

522 1114 737 1197 aperit
781 1112 952 1176 alius
997 1111 1322 1177 infinitivi
1348 1111 1697 1175 ‘Homerici
1725 1133 1904 1177 usus,
1940 1164 1946 1169 .
1996 1113 2275 1178 Etenim
2318 1114 2376 1178 si
2406 1115 2687 1199 legimus

523 1220 565 1275 ί)
613 1214 770 1281 642:

1766 1316 2017 1398 ἀμείνων

863 1422 1136 1485 παντοίας
1177 1421 1411 1503 ἀρετάς,
1458 1419 1602 1503 ἡμὲν
1647 1420 1832 1485 πόδας·
1871 1419 1979 1501 ἠδὲ
2024 1422 2345 1505 μάχεσθαι,
2395 1432 2402 1439 ’

520 1523 902 1587 infinitivus
944 1522 1262 1605 μάχεσθαι,
1309 1545 1512 1605 quum
1558 1522 1704 1606 pari
1748 1529 1944 1605 atque
1990 1524 2456 1590 antecedentes
2502 1547 2690 1591 accu-

522 1627 723 1692 sativi
769 1633 1099 1710 potestate
1144 1634 1393 1704 utatur,
1447 1628 1723 1691 notione
1766 1627 2137 1692 instructus
2184 1635 2287 1692 est
2331 1629 2691 1694 limitativa

521 1731 631 1796 vel
665 1730 1195 1798 determinativa.
1285 1730 1389 1793 Ea
1434 1751 1538 1793 res
1585 1730 1729 1795 sive
1781 1727 2061 1794 facultas
2110 1730 2516 1816 designatur,
2563 1755 2692 1816 qua

521 1833 703 1898 filius
749 1834 925 1917 patri
955 1843 1266 1918 praestat.
1336 1833 1583 1898 Melior
1613 1843 1717 1898 est
1760 1842 1828 1897 et
1872 1833 2149 1916 pedibus
2196 1843 2264 1900 et
2307 1835 2689 1920 pugnand03

523 1959 643 2001 nos
716 1936 1113 2002 diceremus:
1202 1938 1284 2002 In
1351 1936 1736 2021 Richtung,
1803 1936 1875 2000 in
1938 1936 2164 2021 Bezug
2228 1938 2348 2002 auf
2384 1973 2490 2003 —.
2577 1939 2691 2002 Iu-

521 2041 864 2106 finitivum
930 2049 1152 2106 autem
1196 2040 1524 2125 imprimis
1571 2033 2002 2105 directionem
2069 2039 2151 2105 ad
2195 2041 2483 2124 aliquam
2548 2062 2688 2105 rem

525 2144 903 2226 significare
927 2145 1103 2209 inter
1129 2166 1356 2210 omnes
1388 2163 1567 2207 nunc
1595 2151 1873 2208 constat.
1934 2144 2137 2208 Ratio
2186 2145 2402 2209 nostri
2434 2144 2562 2209 loci
2595 2153 2696 2208 est

524 2246 704 2325 haec,
760 2255 838 2312 ut
892 2248 1076 2313 notio
1137 2269 1303 2332 quae
1350 2245 1682 2311 antecedit
1735 2247 2063 2331 generalis
2110 2249 2406 2326 (παντοίας
2449 2248 2691 2331 ἀρετάς)

523 2351 921 2415 accusativis
978 2359 1054 2416 ut
1111 2350 1693 2435 grammaticorum
1741 2351 2027 2414 termino
2083 2358 2255 2429 utar,
2312 2352 2689 2416 limitativis

525 2455 736 2531 (πόδας
776 2462 844 2518 et
882 2454 1210 2537 μάχεσθαι)
1267 2454 1639 2518 accuratius
1697 2453 2056 2517 definiatur
2111 2463 2308 2535 atquc
2353 2455 2422 2518 in
2468 2463 2690 2538 partes

525 2556 820 2640 singulas
868 2556 1225 2622 dividatur.
1309 2556 1572 2621 Eodem
1617 2555 1809 2620 modo
1856 2556 2236 2640 exemplum
2279 2556 2462 2620 aliud
2491 2558 2542 2616 A
2563 2555 2692 2622 258

525 2682 594 2723 se
640 2659 870 2726 habet:

740 2766 795 2823 οἱ
838 2762 967 2846 πέρι
1005 2762 1115 2845 μὲν
1157 2762 1371 2845 βούλην
1417 2763 1676 2835 Δαναῶν,
1723 2759 1852 2844 πέρι
1896 2760 1952 2821 δ’
2004 2758 2142 2822 ἐστὲ
2182 2761 2485 2845 μάχεσθαι

836 2863 950 2932 (qui
988 2868 1044 2917 et
1080 2863 1311 2917 consilio
1350 2861 1563 2915 Danais
1599 2861 1907 2930 praestatis
1945 2866 2001 2916 et
2036 2862 2393 2931 pugnando):,

525 2951 607 3015 cf.
654 2951 852 3015 etiam
900 2952 954 3011 K
990 2949 1146 3015 437:
1195 2951 1370 3011 θείειν
1415 2949 1705 3031 ἀνέμοισιν
1749 2950 1967 3031 ὅμοιος.

697 3072 928 3136 Primo
974 3079 1247 3155 aspectu
1290 3071 1506 3136 elucet
1546 3071 1963 3136 infinitivum
2009 3070 2295 3155 pendere
2342 3094 2377 3135 e
2419 3074 2691 3138 notione

525 3174 968 3257 comparandi,
1029 3195 1193 3257 quae
1237 3175 1309 3239 in
1358 3175 1699 3241 vocabulis
1744 3175 2014 3256 ἀμείνων,
2060 3174 2206 3258 πέρι,
2252 3176 2456 3256 ὅμοιος
2494 3178 2687 3241 inest.

527 3276 662 3343 Sed
730 3279 1132 3362 comparatio
1200 3278 1296 3342 ita
1360 3279 1762 3356 instituitur,
1830 3286 1908 3341 ut
1974 3298 2109 3341 non
2173 3277 2245 3340 in
2301 3278 2692 3345 universum

524 3383 662 3458 fiat,
733 3379 849 3445 sed
917 3381 999 3445 ad
1066 3381 1362 3465 singulas
1429 3388 1691 3444 tantum
1750 3389 1973 3464 partes
2019 3381 2371 3464 pertineat.
2461 3381 2690 3464 Neque

524 3483 720 3561 enim,
781 3490 859 3547 ut
902 3482 1123 3547 locum
1166 3484 1577 3566 superiorem
1622 3482 1968 3566 explicem,
2025 3482 2332 3548 omnibus
2377 3484 2447 3548 in
2493 3484 2690 3550 rebus

523 3586 761 3651 melior
805 3586 934 3651 fuit
980 3586 1160 3650 filius
1207 3594 1413 3669 patre,
1460 3585 1575 3650 sed
1633 3586 1910 3670 pedibus
1966 3595 2035 3651 et
2076 3588 2455 3671 pugnando,
2543 3590 2692 3653 Hoc

524 3689 668 3753 loco
715 3689 929 3754 facere
984 3712 1120 3754 non
1165 3710 1454 3773 possum,
1511 3690 1674 3771 quin
1731 3688 1887 3750 ὥστε
1943 3690 2339 3774 particulam
2398 3691 2470 3753 in
2516 3712 2691 3754 com-

524 3792 938 3875 parationem
981 3812 1233 3857 vocem.
1323 3791 1518 3856 Hanc
1563 3792 1742 3858 enim
1784 3815 1820 3857 e
1860 3793 2347 3877 praepositione
2379 3792 2478 3871 ὡς,
2525 3814 2690 3875 quae

526 3895 959 3960 directionem
1003 3893 1084 3959 ad
1128 3895 1415 3978 aliquam
1462 3918 1604 3961 rem
1649 3897 2005 3981 significat,
2052 3895 2374 3979 originem
2420 3895 2688 3960 duxisse

525 3999 686 4063 satis
734 4007 1013 4064 constat.
1109 3998 1363 4080 Quodsi
1409 4000 1595 4065 notio
1632 4022 1782 4065 cum
1813 3999 1969 4061 ὥστε
2014 3998 2343 4084 particula
2387 3999 2692 4083 copulata

525 4109 666 4166 toto
734 4102 1077 4166 enuntiato
1154 4104 1591 4186 exprimitur,
1659 4104 2076 4169 infinitivum
2143 4102 2470 4185 postulari
2538 4124 2691 4167 con-

526 4211 910 4271 sentaneum
959 4213 1081 4270 est.
