3088 4580
2598 276 2681 343 43

523 469 718 551 Quod
761 469 878 534 ubi
932 469 1227 552 primum
1282 468 1530 532 sactum
1586 475 1708 546 est,
1766 468 1937 533 actio
1997 469 2198 533 etiam
2241 469 2557 553 primaria
2599 492 2683 535 ex

518 581 700 638 statu
729 571 1044 655 negativo
1073 572 1147 635 in
1176 572 1540 655 positivum
1574 578 1989 656 transgressa
2017 572 2100 636 ad
2131 573 2436 637 effectum
2465 574 2681 660 yenit.

515 676 754 760 Itaque
822 676 951 741 duo
1011 676 1185 740 facta
1251 674 1724 758 subsequentia
1789 682 1856 739 et
1912 675 2090 740 inter
2143 697 2213 739 se
2269 676 2688 742 cohaerentia

519 780 880 861 (adventus
913 779 1241 843 sociorum
1272 785 1341 843 et
1362 778 1690 862 proelium
1714 778 2170 855 commissum)
2197 778 2681 863 significantur.

522 882 704 964 Quin
767 882 966 947 etiam
1020 882 1094 945 in
1149 882 1380 966 lingua
1444 880 1655 945 latina
1723 903 1926 964 quum
1987 881 2137 945 aliis
2196 881 2359 945 locis
2427 903 2686 964 semper

519 985 985 1049 coniunctivus
1034 983 1330 1048 adhiberi
1361 984 1590 1060 soleat,
1638 984 1697 1048 si
1740 985 2145 1050 sententiam
2188 983 2684 1050 antecedentem

518 1088 900 1172 negativam
957 1088 1256 1170 sequitur
1315 1109 1421 1152 res
1481 1109 1638 1152 vere
1697 1088 1889 1166 facta,
1954 1095 2109 1171 post
2153 1088 2686 1152 coniunctionem

510 1191 873 1276 priusquam
948 1190 1349 1257 indicativus
1428 1191 1666 1257 obvius
1747 1199 1866 1256 est.
2003 1191 2135 1255 Hic
2220 1191 2429 1274 igitur
2502 1191 2686 1255 locus

518 1293 877 1360 vertendus
922 1302 1123 1360 esset:
1178 1295 1432 1378 proelio
1477 1317 1613 1359 non
1658 1295 2044 1372 decertavit,
2090 1295 2477 1378 priusquam
2523 1294 2684 1359 socii

518 1398 952 1463 advenerunt.

688 1501 920 1584 Neque
986 1522 1146 1567 vero
1207 1501 1452 1565 mirum
1507 1501 1637 1574 erit
1690 1500 1763 1564 in
1820 1509 2102 1582 utroque
2158 1500 2503 1564 enuntiato
2550 1502 2686 1563 fero

518 1627 797 1687 semper
845 1603 1216 1687 simplicem
1293 1603 1616 1668 aoristum
1695 1603 2007 1667 inveniri.
2124 1600 2346 1668 Semel
2426 1610 2686 1667 tantum

519 1706 575 1781 Ι,
607 1703 748 1782 132,
796 1706 834 1768 5
865 1705 939 1768 111
984 1705 1329 1769 enuntiato
1361 1706 1750 1771 secundario
1779 1707 1850 1770 in
1876 1707 2035 1771 viva
2057 1707 2355 1771 oratione
2377 1727 2687 1790 1110000110

522 1808 770 1892 legitur
825 1807 1247 1886 historicum3
1313 1808 1488 1873 actio
1546 1809 1864 1891 primaria
1916 1818 2151 1892 quater
2211 1830 2395 1874 mero
2440 1810 2686 1875 aoristo

525 1911 607 1989 (Ι,
683 1908 821 1989 132,
891 1911 961 1990 5;
1028 1910 1122 1988 ΙΙ,
1195 1908 1296 1988 65,
1376 1908 1450 1991 33
1517 1911 1648 1986 III,
1722 1910 1864 1990 101,
1922 1912 1991 1990 2;
2047 1912 2132 1990 V,
2199 1910 2297 1989 10,
2356 1912 2424 1988 9)
2483 1913 2688 1977 semel

524 2015 635 2092 (V,
683 2012 785 2092 61,
836 2012 902 2091 1)
948 2014 1340 2097 imperfecto
1387 2036 1593 2096 eoque
1639 2015 1712 2078 vi
1757 2015 2065 2079 aoristica
2106 2014 2425 2098 praedite,
2485 2016 2686 2080 semel

525 2118 752 2196 (VIII,
792 2117 932 2196 105,
969 2115 1042 2200 2)
1086 2117 1429 2183 infinitivo
1473 2118 1708 2182 aoristi
1752 2140 1791 2181 a
1820 2117 2038 2183 *verbo
2084 2116 2329 2199 δύναμαι
2372 2119 2689 2202 pendenti

524 2243 840 2306 expressa
884 2229 1005 2286 est.

695 2326 841 2390 Iam
907 2348 1108 2410 supra
1171 2324 1768 2391 animadvertimus
1833 2323 2270 2389 indicativum
2346 2333 2500 2409 post
2564 2328 2687 2408 πρίν

524 2430 655 2494 11101
711 2431 792 2495 de
851 2430 1049 2496 rebus
1107 2431 1418 2514 perfectis
1474 2430 1784 2514 usurpari
1845 2447 1980 2493 non
2038 2448 2250 2512 posse.
2354 2427 2491 2495 Sed
2544 2450 2685 2493 rem

523 2555 681 2598 vere
747 2533 830 2599 ad
895 2535 1205 2599 effectum
1272 2536 1557 2613 venisse,
1627 2535 1815 2599 nullo
1890 2534 2036 2598 loco
2096 2532 2524 2617 Thucydideo
2590 2533 2688 2597 di-

521 2646 696 2702 serte
752 2636 1113 2716 indicatur3
1186 2660 1340 2703 nam
1398 2645 1739 2703 structura
1802 2637 2291 2703 coniunctionis
2344 2638 2469 2718 τψίν
2536 2657 2686 2701 cum

520 2740 886 2806 indicativo
943 2742 1287 2824 copulatae
1343 2741 1720 2826 paullulum
1781 2762 1820 2804 a
1878 2741 2213 2807 sententia
2278 2761 2397 2823 per
2450 2760 2521 2805 se
2572 2761 2687 2804 ex-

521 2863 748 2925 pressa
801 2842 1044 2921 differt,
1115 2852 1194 2908 ut
1260 2843 1605 2908 dominatu
1665 2844 1997 2907 enuntiati
2046 2842 2350 2926 primarii
2405 2840 2688 2906 liberata

522 2946 661 3028 ipsa
717 2946 1120 3009 sententiam
1163 2967 1407 3010 novam
1455 2956 1522 3010 et
1567 2966 1776 3028 paene
1820 2967 1939 3028 per
1994 2965 2064 3008 se
2109 2952 2526 3009 constantem
2586 2944 2687 3007 in-

525 3047 762 3113 ducere
807 3047 1132 3112 videatur.
1224 3046 1471 3112 Omnia
1512 3046 1897 3111 huiusmodi
1940 3046 2247 3129 exempla
2298 3053 2686 3130 argumento

525 3158 704 3215 sunt.
798 3150 1026 3214 Affero
1071 3150 1164 3227 II,
1211 3148 1315 3227 65,
1361 3147 1430 3214 3:
1477 3149 1547 3209 οὐ
1587 3149 1787 3230 μέντοι
1828 3150 2115 3232 πρότερόν
2157 3171 2229 3230 γε
2273 3151 2330 3209 οἱ
2372 3147 2694 3229 ξύμπαντες

524 3252 848 3315 ἐπαύσαντο
911 3251 972 3313 ἐν
1027 3254 1175 3338 ὀργῇ
1239 3250 1478 3336 ἔχοντες·
1541 3252 1615 3312 αὖ
1626 3253 1732 3324 τόν,
1800 3254 1922 3335 πφέν
1980 3252 2311 3335 ἐζημίωσαν
2361 3252 2655 3336 χρήμασιν
2669 3279 2685 3334 3

523 3358 592 3421 id
637 3364 766 3421 est:
812 3378 1025 3440 neque
1068 3378 1230 3422 vero
1274 3358 1461 3441 prius
1500 3378 1728 3422 omnes
1762 3358 2094 3422 Periclem
2136 3358 2209 3421 in
2252 3357 2401 3423 odio
2445 3358 2686 3427 habero

525 3459 884 3539 desierunt,
941 3481 1136 3542 quam
1196 3461 1478 3545 pecunia
1533 3460 2011 3526 multaverunt.
2113 3459 2309 3524 Nunc
2369 3484 2529 3526 vcro
2574 3487 2688 3528 ex-

525 3570 899 3646 spectamus
946 3565 1346 3629 sententiam
1391 3564 1623 3628 talem:
1671 3562 1787 3628 ubi
1830 3564 2121 3647 primum
2155 3573 2379 3628 autem
2410 3570 2689 3649 pecunia

522 3665 1002 3743 multaverunt,
1052 3687 1279 3730 omnes
1310 3667 1383 3730 in
1414 3666 1564 3731 odio
1595 3688 1747 3731 eum
1778 3666 2021 3731 habere
2054 3666 2418 3733 desierunt.
2486 3670 2688 3734 Hunc

523 3790 793 3833 sensum
822 3769 895 3832 in
925 3769 1146 3832 animo
1178 3768 1490 3833 habuisse
1515 3769 1973 3853 Thucydidem
1997 3791 2078 3834 ex
2106 3772 2413 3853 sequenti
2443 3771 2689 3854 ὕστερον

524 3869 599 3931 δέ
640 3871 865 3955 colligi
911 3879 1151 3955 potest,
1211 3872 1385 3954 quod
1440 3872 1524 3937 ad
1567 3873 1971 3937 sententiam
2027 3872 2213 3936 illam
2258 3895 2378 3957 per
2421 3874 2688 3958 ellipsin

525 3974 838 4039 omissam
882 3974 1303 4039 referendum
1359 3985 1489 4055 est;
1551 3974 1774 4058 (paulo
1831 3983 2051 4041 autem
2109 3984 2280 4060 post,
2342 3996 2431 4040 sc.
2493 3999 2690 4058 quam

525 4097 675 4139 eum
706 4078 986 4159 pecunia
1013 4079 1520 4153 multaverunt).
1599 4078 1855 4143 Eodem
1898 4078 2093 4144 modo
2138 4081 2192 4157 Ι,
2247 4075 2385 4155 132,
2435 4080 2473 4141 5
2520 4079 2692 4143 illud

526 4178 661 4239 τότε
718 4180 789 4261 δή
845 4180 989 4257 (scl.
1046 4180 1169 4242 ἐπεὶ
1231 4180 1481 4264 μηνυτὴς·
1542 4179 1826 4263 ἐγένετο),
1895 4180 2071 4264 quod
2136 4181 2407 4246 ineunte
2475 4179 2689 4260 capite
