3088 4580
1300 1115 1610 1214 caput
1661 1115 1726 1193 L

722 1322 814 1384 De
863 1338 977 1384 usu
1027 1320 1298 1383 infinitivi
1346 1338 1378 1382 a
1427 1321 1551 1402 πρίν
1599 1292 1903 1401 particula
1932 1298 2288 1401 'pendentis

980 1438 1400 1521 Thucydideo
1448 1444 1510 1503 et
1554 1439 2033 1521 Xenophonteo.

488 1732 618 1817 §L
681 1733 796 1796 De
846 1733 1168 1815 origine
1213 1731 1644 1797 infinitivi
1692 1753 1865 1796 cum
1911 1733 2064 1814 πρίν
2108 1733 2525 1816 particula

1275 1836 1734 1899 coniuncti.

597 1972 950 2037 Materiam
1019 1993 1280 2036 omnem
1359 1971 1572 2056 legem
1641 1972 1969 2055 quandam
2036 1973 2318 2057 logicam
2385 1983 2579 2057 atque

423 2074 810 2141 historicam
856 2074 1219 2158 respiciens
1265 2074 1527 2158 digessi.
1621 2075 1852 2139 Primo
1908 2076 2116 2159 igitur
2172 2075 2316 2140 loco
2361 2077 2587 2141 infini-

422 2178 640 2243 tivum
685 2199 836 2242 eum
880 2179 1004 2260 πρίν
1061 2177 1389 2261 particula
1452 2177 1756 2242 iunctum
1819 2177 2136 2256 tractabo,
2205 2176 2441 2243 deinde
2507 2179 2591 2243 de*

421 2281 806 2359 indicatiVO‚
878 2288 1211 2364 postremo
1282 2280 1360 2345 de
1415 2281 1841 2346 coniunctivo
1887 2280 2317 2364 optativoque
2363 2279 2586 2364 dispu—

425 2385 596 2451 tabo,
645 2423 724 2430 —
777 2383 912 2451 Sed
952 2393 1306 2468 antequam
1349 2384 1433 2449 ad
1462 2407 1605 2449 rem
1636 2386 1850 2469 ipsam
1886 2384 2232 2469 aggrediar
2262 2386 2586 2450 nonnulla

423 2490 610 2571 quasi
652 2489 973 2573 prooemii
1019 2489 1163 2553 loco
1221 2489 1388 2553 mihi
1445 2488 1753 2573 ponenda
1818 2496 1995 2554 sunt.
2087 2487 2372 2553 Missam
2414 2488 2583 2553 facio

422 2593 892 2678 etymologiam
958 2593 1322 2676 particulae
1389 2594 1531 2675 πρίν,
1614 2592 1693 2656 de
1774 2613 1903 2675 qua
1969 2613 2118 2656 eum
2184 2591 2525 2670 Richtero,
2545 2593 2584 2668 ¹)

421 2696 782 2774 Prausi0,‘·‘)
827 2696 1120 2761 Luethio
1140 2697 1192 2770 3)
1239 2696 1600 2774 consentio,
1648 2697 1761 2778 qui
1794 2694 2108 2760 Curtium
2126 2694 2179 2772 ⁴)
2225 2696 2434 2759 secuti
2467 2696 2590 2777 πρίν

420 2821 502 2863 ex
567 2800 1017 2883 comparativo
1063 2809 1262 2880 wok'ov
1325 2808 1549 2864 ort-um
1607 2807 1933 2864 statuunt.
2023 2798 2588 2864 Perscrutandum

423 2910 645 2967 autem
689 2913 810 2979 est,
869 2902 1195 2984 quomodo
1249 2893 1502 2967 factum
1556 2903 1665 2979 sit,
1723 2910 1801 2967 ut
1854 2904 1977 2984 πρίν
2024 2901 2352 2985 particula-
2393 2900 2588 2965 modo

422 3005 858 3081 infinitivum,
903 3003 1099 3069 modo
1149 3003 1426 3070 verbum
1470 3006 1743 3069 finitum
1787 3006 2157 3069 ascisceret.
2247 3003 2590 3071 Infinitivi

423 3116 758 3172 structura
824 3106 1132 3189 quoniam
1201 3106 1377 3190 apud
1436 3108 1810 3172 Homerum
1863 3107 2168 3172 omnibus
2230 3106 2370 3171 fere
2426 3107 2589 3172 locis

424 3203 624 3275 unica*
650 3209 1036 3287 adhibetur,
1085 3210 1383 3274 omnium
1430 3230 1756 3275 consensu
1785 3209 2248 3292 antiquissima
2284 3208 2585 3274 habetur.

422 3312 604 3379 Haec
671 3315 967 3397 quaestio
1036 3312 1151 3377 diu
1216 3313 1637 3397 multumque
1703 3314 1945 3379 iactata
2010 3334 2133 3378 nec
2185 3312 2265 3376 ab
2312 3313 2414 3391 iis,
2475 3314 2589 3396 qui

336 3401 343 3410 ¹
424 3424 619 3481 antea
685 3419 809 3499 πρίν
875 3416 1242 3501 particulae
1309 3439 1502 3481 usum
1569 3405 2068 3499 disquirendum
2128 3427 2584 3500 susceperunt,

423 3519 726 3604 neglecta
769 3521 941 3604 quod
986 3544 1025 3585 a
1077 3543 1182 3586 me
1235 3529 1649 3604 recoquatur,
1719 3522 1856 3585 sint
1922 3520 2228 3611 fortasse·
2262 3520 2375 3602 qui
2419 3520 2587 3584 mihi

423 3624 777 3708 opprobrio
823 3634 1111 3691 vertant.
1205 3624 1339 3691 Sed
1384 3648 1590 3709 quum
1632 3625 1705 3688 in
1760 3625 2056 3690 animum
2111 3623 2422 3688 inducere
2474 3645 2588 3687 ne-

424 3749 658 3816 queam
702 3735 779 3792 ut
823 3729 894 3793 in
939 3729 1242 3812 priorum
1288 3728 1713 3811 opinionibus
1759 3729 2187 3810 acquiescam,
2257 3749 2588 3810 quumque

598 3951 639 4015 1)
676 3948 923 4016 Richter,
960 3948 993 4001 l.
1032 3948 1065 4001 l.
1104 3963 1233 4015 pag.
1274 3949 1321 4001 (5.

595 4037 638 4102 2)
676 4037 905 4102 Prause,
942 4035 975 4087 l.
1014 4035 1048 4088 l.
1085 4050 1215 4102 pag.
1253 4035 1302 4086 2.

593 4122 637 4182 3)
678 4121 872 4189 Lueth‚
910 4122 942 4173 l.
981 4121 1014 4174 l.
1053 4136 1182 4188 pag.
1220 4122 1268 4174 6.

595 4206 640 4276 4)
679 4207 921 4275 Curtius,
960 4207 1298 4275 Grundziige
1335 4223 1377 4260 s,
1416 4223 1468 4259 v.
