3088 4580
2547 288 2629 354 29

463 482 805 565 proprium
862 479 1169 544 habeant.
1261 477 1583 543 Actiones
1638 477 1992 564 primariae
2037 485 2196 542 sunt
2240 476 2624 556 iterativae;

460 586 681 667 itaque
726 584 828 648 bis
874 581 1245 667 imperfecti
1303 579 1707 646 indicativus
1751 581 2130 659 invenitur3
2175 580 2413 645 ultimo
2459 579 2627 659 loco,

464 689 644 748 Οἰκον.
690 687 750 765 4,
798 686 901 765 24,
957 692 1298 751 structura
1340 685 1439 748 ita
1483 690 1588 748 est
1633 682 1931 761 formata,
1993 692 2070 748 ut
2114 691 2257 748 tota
2298 684 2631 748 sententia

466 791 764 856 subiecta
816 791 906 855 sit
964 789 1170 855 verbo
1222 786 1425 870 ὄμνυμι
1481 784 1728 868 (ὄμνυμί
1776 808 1869 846 σοι
1913 787 2010 847 τὸν
2057 787 2275 869 Μίθρην
2317 787 2630 868 μηπώποτε

463 895 756 976 δειπνῆσαι
820 895 944 976 πρὶν
1011 892 1316 975 ἱδρῶσαι),
1391 898 1688 955 attamen
1760 890 1930 954 ratio
1998 898 2223 954 manet
2287 890 2628 967 iterativa3

464 997 761 1061 oratione
823 996 1003 1059 enim
1056 1001 1242 1058 recta
1295 993 1612 1057 restituta
1666 993 1762 1057 sic
1828 1001 2197 1058 vertemus:
2269 1013 2631 1074 numquam

464 1121 625 1170 vcro
672 1100 936 1164 coenari
981 1097 1160 1163 soleo
1200 1104 1356 1161 ante
1385 1095 1648 1160 labores
1678 1104 2000 1179 peractos.
2095 1093 2497 1161 Simillimus
2529 1103 2632 1159 est

403 1273 407 1277 ‚
463 1203 647 1267 locus
683 1202 821 1285 Κορ.
851 1202 1002 1262 παιδ.
1046 1201 1244 1284 VIII,
1300 1201 1349 1278 l,
1397 1196 1507 1264 38:
1555 1201 1651 1259 καὶ
1680 1197 1793 1259 οὔτ’
1829 1199 2005 1265 αὐτός·
2031 1222 2171 1260 ποτε
2217 1200 2340 1281 πρὶν
2386 1200 2632 1282 ἱδρῶσαι

463 1306 684 1366 δεῖπνον
732 1303 932 1390 ᾑρεῖτο
976 1303 1126 1371 ,οὔτε
1182 1305 1363 1369 ἵπποις·
1413 1304 1798 1385 ἀγυμνάστοις
1851 1310 2005 1364 σῖτον
2051 1301 2350 1382 ἐνέβαλλε.
2398 1304 2629 1369 Primo

463 1410 804 1474 oculorum
877 1411 1118 1476 obtutu
1185 1408 1402 1472 elucet
1467 1409 1541 1472 in
1587 1407 2038 1473 membrorum
2106 1416 2183 1472 ut
2253 1408 2350 1471 ita
2416 1407 2629 1471 dicam
2680 1467 2686 1472 .

462 1513 909 1597 parallelismo
971 1512 1099 1577 sibi
1154 1512 1553 1595 respondere
1609 1511 1997 1592 ἀγυμνάστοις
2048 1519 2117 1574 et
2183 1512 2306 1592 πρὶν
2365 1511 2629 1592 ἱδρῶσαι.

465 1615 615 1697 Qua
645 1637 728 1680 ex
775 1637 846 1679 re
892 1616 1192 1698 sequitur
1222 1614 1638 1679 infinitivum
1684 1622 1838 1698 post
1883 1616 2005 1697 πρίν
2042 1614 2336 1697 positum
2380 1635 2630 1678 meram

465 1719 654 1784 verbi
681 1718 1023 1783 notionem
1053 1719 1446 1801 exprimere,
1493 1717 1709 1800 qualis
1739 1718 1812 1780 in
1845 1715 2257 1781 Graecorum
2300 1715 2628 1781 adiectivo

464 1821 719 1888 verbali
764 1829 831 1887 et
874 1822 946 1885 in
989 1821 1390 1885 Latinorum
1432 1820 1802 1905 gerundivo
1847 1821 2044 1884 inest.
2133 1818 2389 1884 Eodem
2431 1819 2628 1884 modo

466 1923 604 2005 Ιιύρ.
669 1924 819 1984 παιδ.
885 1923 1006 2001 IV,
1076 1919 1137 2001 3,
1210 1922 1287 1987 10
1330 1923 1501 1987 illud
1546 1925 1668 2006 τςοὶν
1708 1922 1920 2005 μαθεῖν
1980 1944 2185 2007 prope
2241 1922 2494 1989 accedit
2547 1923 2629 1988 ad

463 2028 802 2092 notionem
847 2028 1176 2093 ἀδίδακτος.
1263 2027 1391 2090 His
1436 2027 1646 2111 igitur
1689 2026 1853 2091 locis
1890 2025 1970 2091 de
2000 2025 2206 2091 verbo
2239 2027 2431 2091 finito
2476 2036 2630 2110 post

464 2132 587 2213 τςοίν
643 2131 1041 2214 particulam
1083 2129 1390 2214 ponendo
1436 2130 1706 2194 omnino
1754 2151 1970 2195 sermo
2017 2150 2160 2194 esse
2205 2151 2342 2194 non
2386 2139 2625 2214 potest,

464 2241 660 2316 atque
684 2241 911 2300 utrum
934 2234 1198 2319 negatio
1230 2233 1576 2300 antecedat
1606 2254 1833 2311 necne,
1867 2254 1951 2298 ne
1981 2232 2336 2298 minimum
2363 2233 2628 2317 quidem

464 2337 666 2401 valet.
741 2338 887 2402 Hac
930 2338 1400 2422 Xenophontis
1432 2338 1721 2403 dictione
1765 2344 2111 2421 perspecta
2156 2336 2235 2402 de
2279 2359 2413 2402 uno
2445 2339 2627 2403 Ana-

465 2438 692 2504 baseos
747 2440 891 2505 loco
950 2441 1073 2519 IV,
1129 2443 1188 2521 5,
1248 2441 1340 2505 30
1384 2440 1746 2523 (οὐδαμόθεν
1802 2441 2053 2521 ἀφίεσαν
2112 2442 2236 2523 πρὶν
2282 2441 2627 2524 παραθεῖναι

463 2541 658 2609 αὐτοῖς
731 2542 995 2626 ἄριστον)
1066 2545 1310 2609 certius
1378 2544 1670 2610 iudicare
1747 2566 2121 2628 possumus.
2233 2545 2625 2611 Lectionem

460 2649 637 2713 enim
667 2647 1072 2714 deteriorum
1103 2649 1401 2714 codicum
1432 2670 1471 2712 a
1500 2648 1848 2733 Kruegero
1889 2655 1957 2712 et
1990 2647 2242 2714 Cobeto
2289 2648 2625 2715 defensam

459 2751 776 2833 παραθεῖεν
804 2774 1076 2835 prorsus
1107 2751 1507 2818 reicienda-m
1537 2773 1680 2817 0000
1709 2750 2139 2816 manifestum
2176 2753 2325 2818 erit.
2416 2752 2625 2836 Opta-

462 2854 644 2917 tivus
706 2855 885 2918 enim
936 2876 975 2918 a
1018 2856 1141 2937 πρίν
1187 2855 1652 2919 coniunctione
1696 2854 1988 2938 pendens
2035 2855 2166 2918 nisi
2211 2856 2283 2919 in
2329 2857 2624 2921 oratione

462 2954 729 3036 obliqua
798 2977 933 3020 non
1001 2957 1292 3039 ponitur.
1409 2956 1841 3021 Probabilius
1897 2965 2074 3021 esset
2143 2957 2270 3021 hoc
2324 2957 2470 3022 loco
2523 2960 2625 3023 in-

463 3056 828 3126 dicativum
901 3059 1218 3135 conicere,
1306 3060 1375 3123 id
1446 3060 1622 3142 quod
1683 3068 1878 3124 nemo
1938 3067 2211 3143 propter
2268 3059 2624 3127 lectionem

462 3160 760 3227 codicum
811 3161 1098 3227 audebit.
1186 3161 1399 3227 Unice
1442 3184 1643 3228 verus
1690 3170 1792 3225 est
1833 3162 2214 3228 infinitivus
2261 3164 2621 3297 παραθεῖναι,

460 3265 614 3348 quia
657 3265 862 3330 totius
907 3264 1164 3349 periodi
1207 3266 1377 3366 ratio
1423 3274 1524 3331 est
1568 3266 1698 3330 iter
1700 3265 1899 3331 ativa.

631 3368 827 3434 Nunc
893 3370 1192 3452 quaestio
1258 3360 1379 3435 nos
1453 3370 1706 3453 excipit
1770 3369 2200 3449 difficillima,
2268 3394 2620 3455 quamnam

458 3472 784 3537 rationem
843 3480 1107 3538 secutus
1153 3473 1533 3558 Xenophon
1591 3474 1990 3538 sententiam
2044 3495 2083 3537 a
2128 3476 2250 3557 πρίν
2294 3463 2644 3565 particula*

457 3574 855 3659 pendentem
896 3576 1093 3641 modo
1137 3578 1526 3660 praesentis,
1574 3575 1768 3641 modo
1813 3576 2067 3655 aoristi,
2113 3578 2310 3644 modo
2341 3582 2619 3664 perfecti

457 3678 798 3743 infinitivo
830 3679 1250 3761 expresserit.
1298 3715 1381 3725 —-
1412 3680 1495 3743 In
1528 3681 1867 3765 octoginta
1890 3683 2213 3765 exemplis
2237 3683 2616 3749 Homericis

455 3781 683 3845 nullus
710 3788 933 3846 exstat
962 3781 1165 3860 locus,
1198 3783 1311 3865 qui
1340 3791 1493 3865 post
1523 3784 1921 3867 particulam
1951 3788 2074 3868 πρίν
2104 3795 2218 3851 aut
2247 3788 2616 3870 praesentis

455 3892 571 3949 aut
609 3885 885 3968 perfecti
914 3884 1329 3950 infinitivum
1371 3888 1724 3953 contineat.
1816 3889 2050 3972 Itaque
2078 3890 2222 3954 iure
2254 3891 2617 3955 conicietur

460 3986 653 4051 huius
697 3988 1024 4053 infinitivi
1052 4010 1246 4053 usum
1292 4010 1436 4053 esse
1481 3990 1917 4075 originarium
1961 4001 2029 4057 et
2064 4014 2099 4057 e
2129 4001 2369 4058 natura
2413 3995 2616 4075 parti-

459 4090 641 4155 culae
684 4092 892 4175 ipsius
926 4099 1459 4158 consentaneum.
1544 4094 1641 4159 Et
1683 4116 1841 4160 vere
1871 4096 2102 4161 aoristi
2130 4095 2510 4160 infinitivus
2555 4096 2613 4157 is

458 4201 577 4273 est,
623 4195 737 4279 qui
766 4217 937 4260 unus
969 4196 1265 4262 omnium
1297 4198 1741 4269 sincerissime
1771 4219 2022 4264 meram
2053 4197 2242 4264 verbi
2272 4196 2614 4265 notionem
