3088 4580
496 281 582 348 20

496 471 878 555 opinionem
922 471 1264 535 firmemus
1295 468 1380 547 V,
1417 466 1515 547 10,
1560 465 1631 533 3:
1679 465 1749 529 οὐ
1791 467 2153 550 βουλόμενος
2187 465 2348 552 μάχῃ
2394 466 2659 548 διαγωνί-

499 573 721 633 σασθαι
765 573 889 655 πρίν
932 574 990 632 οἱ
1030 574 1127 633 καὶ
1170 572 1307 641 τοὺς
1343 574 1612 657 βοηθοὺς·
1651 572 1806 654 ἥκειν
1851 579 1918 637 et
1962 571 2121 650 VII,
2171 571 2274 650 50,
2310 570 2376 635 4:
2424 569 2544 630 οὐδ’
2591 568 2658 630 ἂν

497 674 1039 756 διαβουλεύσασθαι
1091 672 1177 735 ἔτι
1235 672 1368 759 ἔφη,
1430 679 1574 759 πρίν,
1621 674 1708 741 ὧς
1759 677 1817 735 οἵ
1863 675 2101 757 μάντεις
2150 674 2481 758 ἐξηγοῦντο,
2542 674 2666 755 τρὶς

498 778 665 840 ἐννέα
694 776 920 862 ἡμέρας
940 784 1146 860 μεῖναι.
1211 779 1403 844 Inter
1428 789 1787 862 utrumque
1810 779 2031 843 locum
2060 779 2118 843 is
2150 788 2252 844 est
2278 799 2658 855 consensus,

498 892 576 948 ut
606 882 939 949 sententia
970 903 1121 947 cum
1166 882 1289 964 πρίν
1319 882 1651 966 particula
1680 882 2033 949 coniuncta
2061 904 2311 948 meram
2341 884 2660 968 temporis

496 986 838 1050 notionem
862 985 1120 1050 habeat.
1165 986 1236 1049 Is
1261 986 1586 1075 terminus
1606 995 1909 1052 accurate
1930 987 2266 1065 definitur,
2291 995 2445 1051 ante
2467 1007 2662 1069 quem

498 1089 670 1153 actio
714 1090 1030 1173 primaria
1072 1111 1210 1154 non
1254 1091 1656 1174 perficiatur.
1746 1091 1830 1155 In
1892 1090 2102 1156 altero
2150 1110 2312 1156 vero
2356 1090 2662 1173 exemplo

499 1192 788 1276 spatium
801 1194 1116 1277 temporis
1137 1200 1318 1259 certo
1331 1193 1587 1259 dierum
1599 1214 1875 1259 numero
1888 1193 2239 1259 indicatur.
2264 1192 2663 1277 Optativum

500 1295 611 1360 vel
663 1297 1165 1363 coniunctivum
1213 1298 1271 1362 si
1322 1299 1471 1381 quis
1516 1298 1870 1383 legendum
1904 1318 2047 1362 esse
2077 1303 2365 1380 putaret,
2398 1302 2664 1360 senten-

500 1398 662 1462 tiam
714 1398 1022 1466 laederet.
1112 1398 1365 1466 Sensus
1409 1402 1591 1466 enim
1632 1422 1989 1485 perversus
2034 1398 2365 1477 evaderet,
2402 1399 2665 1464 Niciam

501 1522 621 1565 sua
664 1508 903 1585 sponte
946 1523 1199 1568 moram
1246 1504 1487 1589 viginti
1518 1513 1775 1589 septem
1805 1504 2061 1569 dierum
2092 1503 2222 1568 sibi
2249 1503 2662 1586 imposuisse.

502 1605 786 1670 Minime
816 1605 1081 1689 quidem
1114 1607 1330 1672 dicore
1359 1607 1512 1673 vult
1544 1606 1966 1691 Thucydides
1992 1628 2005 1670 z
2042 1607 2270 1671 Nicias
2300 1604 2665 1670 deliberare

501 1707 739 1785 noluit,
807 1716 1160 1792 antequam
1228 1711 1474 1796 viginti
1540 1718 1795 1796 septem
1881 1710 2020 1775 dies
2101 1717 2400 1774 moratus
2460 1717 2663 1787 esset3

503 1810 629 1875 hoc
687 1820 920 1876 contra
973 1812 1045 1877 in
1090 1814 1311 1879 animo
1368 1813 1606 1878 habuit
1662 1814 1849 1878 effari
1894 1813 2156 1878 Niciam
2210 1819 2366 1877 ante
2412 1834 2665 1877 moram

506 1913 749 1999 viginti
815 1924 1070 2000 septem
1136 1916 1413 1996 dierum,
1482 1939 1648 2001 quae
1714 1938 1754 1981 a
1810 1913 2260 1981 sacerdotibus
2316 1924 2667 1999 praecepta

505 2024 666 2095 erat,
712 2025 1047 2101 peractam
1093 2018 1458 2086 deliberare
1504 2021 1704 2086 nolle.

675 2120 1058 2204 Antequam
1101 2122 1425 2189 infinitivi
1470 2146 1509 2189 a
1551 2126 1676 2205 πρίν
1719 2121 2047 2207 particula
2088 2118 2663 2204 pendentis'usum

507 2222 1010 2308 Thucydideum
1089 2226 1476 2293 concludam
1495 2277 1513 2307 ,
1602 2248 1736 2292 nou
1820 2225 1938 2290 abs
2012 2246 2084 2289 re
2161 2224 2301 2289 fore
2374 2221 2665 2288 arbitror

510 2349 719 2411 pauca
761 2328 842 2393 de
886 2329 1172 2396 formula
1214 2332 1498 2414 πρότερον
1525 2329 1681 2414 -ἦ
1726 2351 1877 2396 cum
1924 2328 2266 2393 infinitivo
2316 2325 2668 2392 coniuncta

509 2431 746 2510 dicere,
811 2454 977 2516 quae
1042 2433 1258 2499 tribus
1322 2434 1486 2499 locis
1553 2439 1776 2498 exstat
1839 2433 1896 2512 I,
1958 2430 2061 2510 69,
2118 2433 2189 2510 5;
2256 2429 2379 2509 VI,
2435 2426 2538 2507 58,
2601 2426 2666 2508 1;

508 2533 707 2613 VIII,
739 2534 844 2614 45,
875 2537 934 2601 5.
1004 2535 1492 2621 Dignissimum
1525 2545 1631 2603 est
1663 2542 2181 2602 commemoratu
2210 2532 2669 2617 Thucydidem

510 2659 595 2703 ne
661 2658 790 2702 uno
857 2638 1125 2721 quidem
1190 2639 1336 2705 loco
1403 2640 1689 2723 πρότερον
1741 2675 1829 2685 -
1880 2641 2003 2720 νηοίν
2067 2657 2390 2721 usurpare
2415 2637 2476 2714 ¹),
2552 2633 2666 2700 sed

509 2740 814 2824 quotiens
846 2742 1127 2824 πρότερον
1157 2743 1522 2821 antecedat,
1570 2763 1832 2825 semper
1861 2740 1899 2823 ἦ
1929 2761 2193 2825 ponere.
2287 2738 2438 2822 Qua
2480 2739 2666 2833 inre

509 2844 756 2909 mirum
810 2844 883 2909 in
933 2844 1204 2910 modum
1260 2866 1412 2911 cum
1467 2845 1892 2929 Antiphonte
1947 2842 2333 2929 congruit.²)
2432 2842 2669 2906 Enun-

511 2947 751 3013 tiatum
822 2948 1213 3032 primarium
1285 2949 1670 3016 continetur
1740 2955 2040 3032 tempore
2110 2946 2490 3031 praeterito,
2565 2943 2667 3009 bis

510 3051 776 3126 aorist0‚
852 3053 1055 3117 semel
1126 3054 1514 3138 imperfecto
1582 3052 1810 3132 (VIII,
1875 3051 1980 3130 45,
2047 3052 2135 3129 5).
2249 3048 2537 3116 Sensum
2610 3048 2669 3112 si

512 3155 922 3238 respicimus,
995 3178 1142 3221 mea
1199 3158 1466 3241 quidem
1522 3156 1858 3222 sententia
1911 3154 2085 3220 nihil
2142 3155 2427 3219 interest
2489 3153 2669 3216 inter

511 3258 636 3338 πρίν
681 3265 751 3323 et
793 3259 1078 3341 πρότερον
1121 3295 1207 3305 --
1251 3258 1303 3342 ἦ.
1397 3259 1531 3326 Sed
1586 3259 1875 3325 formula
1917 3259 2202 3341 πρότερον
2243 3292 2331 3302 -
2374 3254 2411 3337 ἦ
2451 3254 2667 3319 multo

511 3366 664 3443 post
707 3366 1102 3442 potestatem
1158 3362 1483 3428 infinitivi
1537 3361 1814 3447 regendi
1868 3368 2063 3427 nacta
2115 3366 2238 3439 est,
2300 3380 2505 3443 quum
2566 3358 2668 3423 vis

509 3461 838 3527 infinitivi
882 3464 1213 3546 primaria,
1283 3487 1318 3531 e
1382 3485 1512 3547 qua
1567 3464 1892 3549 originem
1947 3462 2274 3529 infinitivi
2342 3464 2468 3546 πρίν
2520 3482 2669 3545 par·

510 3564 782 3632 ticulam
816 3568 1153 3649 sequentis
1176 3567 1645 3645 de1·ivavimus,
1677 3566 1810 3632 iam
1838 3588 1976 3632 non
1999 3566 2377 3632 sentiretur.
2436 3566 2669 3649 Itaque

510 3668 632 3733 illa
693 3670 1134 3749 ratiocinatio,
1201 3691 1330 3753 qua
1393 3692 1589 3735 usum
1654 3670 1981 3737 infinitivi
2045 3692 2085 3735 a
2154 3673 2279 3754 πρίν
2342 3669 2670 3756 particula

510 3773 864 3857 pendentis
897 3795 1230 3859 exponere
1260 3774 1658 3854 studuimus,
1699 3773 1780 3839 ad
1810 3775 2166 3840 formulam
2204 3775 2487 3858 πρότερον
2516 3809 2603 3819 -
2631 3770 2669 3854 ἦ

511 3898 648 3943 non
713 3877 1012 3960 quadrat.
1121 3878 1280 3944 Alia
1341 3878 1455 3945 via
1518 3878 1861 3944 infinitivo
1925 3876 2212 3961 regendo
2276 3876 2490 3961 potita
2542 3883 2663 3942 est.

688 4111 727 4179 ¹)
763 4110 849 4166 De
882 4109 993 4167 loci
1028 4111 1178 4181 VIII,
1212 4111 1296 4181 45,
1336 4117 1364 4167 1
1402 4118 1607 4168 natura
1643 4113 1711 4168 cf.
1747 4130 1877 4184 pag.
1916 4115 1996 4168 12.

684 4196 729 4263 2)
765 4196 960 4266 Lueth,
997 4198 1031 4251 l.
1063 4198 1102 4252 1.
1136 4213 1267 4269 pag.
1303 4199 1352 4252 8.
