<?xml version="1.0" encoding="UTF-8"?>
<!DOCTYPE html PUBLIC "-//W3C//DTD XHTML 1.0 Transitional//EN"
    "http://www.w3.org/TR/xhtml1/DTD/xhtml1-transitional.dtd">
<html xmlns="http://www.w3.org/1999/xhtml" xml:lang="en" lang="en">
 <head>
  <title>
</title>
<meta http-equiv="Content-Type" content="text/html;charset=utf-8" />
  <meta name='ocr-system' content='tesseract 3.04.00' />
  <meta name='ocr-capabilities' content='ocr_page ocr_carea ocr_par ocr_line ocrx_word'/>
</head>
<body>
  <div class='ocr_page' id='page_1' title='image "./deusuparticulae00wagngoog_0025.png"; bbox 0 0 3088 4580; ppageno 0'>
   <div class='ocr_carea' id='block_1_1' title="bbox 2549 242 2627 307">
    <p class='ocr_par' dir='ltr' id='par_1_1' title="bbox 2549 242 2627 307">
     <span class='ocr_line' id='line_1_1' title="bbox 2549 242 2627 307; baseline 0 0"><span class='ocrx_word' id='word_1_1' title='bbox 2549 242 2627 307; x_wconf 83' lang='lat'>17</span> 
     </span>
    </p>
   </div>
   <div class='ocr_carea' id='block_1_2' title="bbox 461 429 2638 4025">
    <p class='ocr_par' dir='ltr' id='par_1_2' title="bbox 461 429 2634 2789">
     <span class='ocr_line' id='line_1_2' title="bbox 472 429 2628 513; baseline 0.001 -20"><span class='ocrx_word' id='word_1_2' title='bbox 472 429 608 494; x_wconf 88' lang='lat' dir='ltr'>fere</span> <span class='ocrx_word' id='word_1_3' title='bbox 652 431 872 496; x_wconf 86' lang='lat' dir='ltr'>omnia</span> <span class='ocrx_word' id='word_1_4' title='bbox 916 429 999 494; x_wconf 89' lang='lat' dir='ltr'>ad</span> <span class='ocrx_word' id='word_1_5' title='bbox 1040 429 1218 494; x_wconf 90' lang='lat' dir='ltr'>idem</span> <span class='ocrx_word' id='word_1_6' title='bbox 1247 429 1516 494; x_wconf 89' lang='lat' dir='ltr'>schema</span> <span class='ocrx_word' id='word_1_7' title='bbox 1544 430 1953 494; x_wconf 85' lang='lat' dir='ltr'>conformata</span> <span class='ocrx_word' id='word_1_8' title='bbox 1995 438 2171 508; x_wconf 88' lang='lat' dir='ltr'>sunt,</span> <span class='ocrx_word' id='word_1_9' title='bbox 2218 429 2393 513; x_wconf 83' lang='lat' dir='ltr'>quod</span> <span class='ocrx_word' id='word_1_10' title='bbox 2421 430 2628 495; x_wconf 90' lang='lat' dir='ltr'>latine</span> 
     </span>
     <span class='ocr_line' id='line_1_3' title="bbox 471 531 2629 616; baseline 0.001 -20"><span class='ocrx_word' id='word_1_11' title='bbox 471 534 594 597; x_wconf 89' lang='lat' dir='ltr'>hoe</span> <span class='ocrx_word' id='word_1_12' title='bbox 646 533 840 598; x_wconf 88' lang='lat' dir='ltr'>modo</span> <span class='ocrx_word' id='word_1_13' title='bbox 908 532 1415 616; x_wconf 84' lang='lat' dir='ltr'>exprimendum</span> <span class='ocrx_word' id='word_1_14' title='bbox 1473 554 1615 597; x_wconf 88' lang='lat' dir='ltr'>esse</span> <span class='ocrx_word' id='word_1_15' title='bbox 1673 531 1990 597; x_wconf 76' lang='lat' dir='ltr'>arbitror:</span> <span class='ocrx_word' id='word_1_16' title='bbox 2049 532 2174 597; x_wconf 92' lang='lat' dir='ltr'>hoc</span> <span class='ocrx_word' id='word_1_17' title='bbox 2218 539 2629 599; x_wconf 30' lang='lat' dir='ltr'>‘eventurum</span> 
     </span>
     <span class='ocr_line' id='line_1_4' title="bbox 472 635 2629 721; baseline -0 -19"><span class='ocrx_word' id='word_1_18' title='bbox 472 638 642 717; x_wconf 83' lang='lat' dir='ltr'>volo,</span> <span class='ocrx_word' id='word_1_19' title='bbox 706 645 1062 721; x_wconf 76' lang='lat' dir='ltr'>antequam</span> <span class='ocrx_word' id='word_1_20' title='bbox 1119 636 1287 702; x_wconf 89' lang='lat' dir='ltr'>illud</span> <span class='ocrx_word' id='word_1_21' title='bbox 1350 637 1600 701; x_wconf 89' lang='lat' dir='ltr'>factum</span> <span class='ocrx_word' id='word_1_22' title='bbox 1656 636 1765 700; x_wconf 88' lang='lat' dir='ltr'>sit.</span> <span class='ocrx_word' id='word_1_23' title='bbox 1855 635 2009 699; x_wconf 90' lang='lat' dir='ltr'>Non</span> <span class='ocrx_word' id='word_1_24' title='bbox 2065 636 2413 715; x_wconf 90' lang='lat' dir='ltr'>terminus,</span> <span class='ocrx_word' id='word_1_25' title='bbox 2472 644 2629 701; x_wconf 88' lang='lat' dir='ltr'>ante</span> 
     </span>
     <span class='ocr_line' id='line_1_5' title="bbox 469 738 2630 824; baseline -0.001 -18"><span class='ocrx_word' id='word_1_26' title='bbox 469 764 664 824; x_wconf 92' lang='lat' dir='ltr'>quem</span> <span class='ocrx_word' id='word_1_27' title='bbox 694 743 867 806; x_wconf 88' lang='lat' dir='ltr'>actio</span> <span class='ocrx_word' id='word_1_28' title='bbox 899 740 1231 805; x_wconf 87' lang='lat' dir='ltr'>enuntiati</span> <span class='ocrx_word' id='word_1_29' title='bbox 1260 740 1564 823; x_wconf 88' lang='lat' dir='ltr'>primarii</span> <span class='ocrx_word' id='word_1_30' title='bbox 1592 740 1731 816; x_wconf 90' lang='lat' dir='ltr'>fiat,</span> <span class='ocrx_word' id='word_1_31' title='bbox 1768 738 2088 804; x_wconf 87' lang='lat' dir='ltr'>statuitur</span> <span class='ocrx_word' id='word_1_32' title='bbox 2101 762 2118 818; x_wconf 89' lang='lat'>;</span> <span class='ocrx_word' id='word_1_33' title='bbox 2157 739 2630 824; x_wconf 84' lang='lat' dir='ltr'>gravissimum</span> 
     </span>
     <span class='ocr_line' id='line_1_6' title="bbox 469 842 2632 928; baseline -0.001 -20"><span class='ocrx_word' id='word_1_34' title='bbox 469 853 571 908; x_wconf 87' lang='lat' dir='ltr'>est</span> <span class='ocrx_word' id='word_1_35' title='bbox 639 844 994 908; x_wconf 89' lang='lat' dir='ltr'>consilium</span> <span class='ocrx_word' id='word_1_36' title='bbox 1055 845 1198 908; x_wconf 88' lang='lat' dir='ltr'>sive</span> <span class='ocrx_word' id='word_1_37' title='bbox 1266 865 1416 928; x_wconf 88' lang='lat' dir='ltr'>spes</span> <span class='ocrx_word' id='word_1_38' title='bbox 1461 843 1744 909; x_wconf 90' lang='lat' dir='ltr'>subiecti</span> <span class='ocrx_word' id='word_1_39' title='bbox 1788 843 1929 906; x_wconf 85' lang='lat' dir='ltr'>fore</span> <span class='ocrx_word' id='word_1_40' title='bbox 1976 850 2052 907; x_wconf 93' lang='lat' dir='ltr'>ut</span> <span class='ocrx_word' id='word_1_41' title='bbox 2097 843 2269 906; x_wconf 88' lang='lat' dir='ltr'>actio</span> <span class='ocrx_word' id='word_1_42' title='bbox 2313 842 2632 925; x_wconf 87' lang='lat' dir='ltr'>primaria</span> 
     </span>
     <span class='ocr_line' id='line_1_7' title="bbox 469 944 2627 1031; baseline -0.001 -19"><span class='ocrx_word' id='word_1_43' title='bbox 469 948 872 1031; x_wconf 88' lang='lat' dir='ltr'>perficiatur,</span> <span class='ocrx_word' id='word_1_44' title='bbox 941 954 1293 1029; x_wconf 89' lang='lat' dir='ltr'>antequam</span> <span class='ocrx_word' id='word_1_45' title='bbox 1359 946 1747 1012; x_wconf 89' lang='lat' dir='ltr'>secundaria</span> <span class='ocrx_word' id='word_1_46' title='bbox 1810 947 2122 1013; x_wconf 87' lang='lat' dir='ltr'>incohata</span> <span class='ocrx_word' id='word_1_47' title='bbox 2179 947 2288 1011; x_wconf 90' lang='lat' dir='ltr'>sit.</span> <span class='ocrx_word' id='word_1_48' title='bbox 2381 944 2486 1010; x_wconf 80' lang='lat' dir='ltr'>Of.</span> <span class='ocrx_word' id='word_1_49' title='bbox 2535 945 2627 1023; x_wconf 94' lang='grc' dir='ltr'>ΙΙ,</span> 
     </span>
     <span class='ocr_line' id='line_1_8' title="bbox 468 1047 2630 1134; baseline -0.003 -19"><span class='ocrx_word' id='word_1_50' title='bbox 468 1047 572 1128; x_wconf 81' lang='grc'>86,</span> <span class='ocrx_word' id='word_1_51' title='bbox 621 1047 686 1114; x_wconf 86' lang='grc'>6;</span> <span class='ocrx_word' id='word_1_52' title='bbox 753 1050 1103 1131; x_wconf 80' lang='grc' dir='ltr'><em>βουλόμενοι</em></span> <span class='ocrx_word' id='word_1_53' title='bbox 1157 1049 1218 1110; x_wconf 83' lang='grc' dir='ltr'><em>ἐν</em></span> <span class='ocrx_word' id='word_1_54' title='bbox 1273 1051 1436 1134; x_wconf 74' lang='grc' dir='ltr'><em>τάχει</em></span> <span class='ocrx_word' id='word_1_55' title='bbox 1493 1051 1591 1134; x_wconf 71' lang='grc' dir='ltr'><em>τὴν</em></span> <span class='ocrx_word' id='word_1_56' title='bbox 1644 1053 1961 1134; x_wconf 80' lang='grc' dir='ltr'><em>ναυμαχίαν</em></span> <span class='ocrx_word' id='word_1_57' title='bbox 2004 1054 2230 1132; x_wconf 70' lang='grc' dir='ltr'><em>ποιῆσαι</em></span> <span class='ocrx_word' id='word_1_58' title='bbox 2274 1051 2397 1132; x_wconf 75' lang='grc' dir='ltr'><em>τςοίν</em></span> <span class='ocrx_word' id='word_1_59' title='bbox 2443 1072 2493 1108; x_wconf 86' lang='grc' dir='ltr'><em>τι</em></span> <span class='ocrx_word' id='word_1_60' title='bbox 2535 1050 2630 1109; x_wconf 76' lang='grc' dir='ltr'><em>καὶ</em></span> 
     </span>
     <span class='ocr_line' id='line_1_9' title="bbox 470 1152 2630 1237; baseline 0.002 -24"><span class='ocrx_word' id='word_1_61' title='bbox 470 1153 582 1213; x_wconf 80' lang='grc' dir='ltr'>ἀπὸ</span> <span class='ocrx_word' id='word_1_62' title='bbox 627 1157 740 1213; x_wconf 78' lang='grc' dir='ltr'><em>τῶν</em></span> <span class='ocrx_word' id='word_1_63' title='bbox 776 1152 1093 1237; x_wconf 81' lang='grc' dir='ltr'><em>Ἀθηναίων</em></span> <span class='ocrx_word' id='word_1_64' title='bbox 1138 1152 1521 1237; x_wconf 75' lang='grc' dir='ltr'><em>ἐπιβοηθῆσαι</em></span> <span class='ocrx_word' id='word_1_65' title='bbox 1566 1181 1643 1210; x_wconf 91' lang='lat'>==</span> <span class='ocrx_word' id='word_1_66' title='bbox 1687 1175 1887 1237; x_wconf 89' lang='lat' dir='ltr'>quum</span> <span class='ocrx_word' id='word_1_67' title='bbox 1935 1153 2255 1218; x_wconf 73' lang='lat' dir='ltr'>citissime</span> <span class='ocrx_word' id='word_1_68' title='bbox 2301 1152 2630 1236; x_wconf 87' lang='lat' dir='ltr'>proelium</span> 
     </span>
     <span class='ocr_line' id='line_1_10' title="bbox 470 1257 2629 1342; baseline 0.001 -22"><span class='ocrx_word' id='word_1_69' title='bbox 470 1257 704 1324; x_wconf 85' lang='lat' dir='ltr'>navale</span> <span class='ocrx_word' id='word_1_70' title='bbox 771 1259 1185 1323; x_wconf 72' lang='lat' dir='ltr'>committere</span> <span class='ocrx_word' id='word_1_71' title='bbox 1239 1258 1515 1337; x_wconf 86' lang='lat' dir='ltr'>vellent,</span> <span class='ocrx_word' id='word_1_72' title='bbox 1579 1259 1961 1342; x_wconf 88' lang='lat' dir='ltr'>priusquam</span> <span class='ocrx_word' id='word_1_73' title='bbox 2027 1259 2230 1325; x_wconf 82' lang='lat' dir='ltr'>etiam</span> <span class='ocrx_word' id='word_1_74' title='bbox 2287 1257 2365 1321; x_wconf 84' lang='lat' dir='ltr'>ab</span> <span class='ocrx_word' id='word_1_75' title='bbox 2422 1257 2629 1322; x_wconf 88' lang='lat' dir='ltr'>Athe-</span> 
     </span>
     <span class='ocr_line' id='line_1_11' title="bbox 467 1359 2629 1427; baseline 0 -3"><span class='ocrx_word' id='word_1_76' title='bbox 467 1360 810 1425; x_wconf 88' lang='lat' dir='ltr'>niensibus</span> <span class='ocrx_word' id='word_1_77' title='bbox 856 1361 1226 1426; x_wconf 88' lang='lat' dir='ltr'>subsidium</span> <span class='ocrx_word' id='word_1_78' title='bbox 1281 1360 1681 1427; x_wconf 84' lang='lat' dir='ltr'>advenisset.</span> <span class='ocrx_word' id='word_1_79' title='bbox 1756 1361 2154 1427; x_wconf 88' lang='lat' dir='ltr'>Infinitivus</span> <span class='ocrx_word' id='word_1_80' title='bbox 2201 1359 2325 1426; x_wconf 90' lang='lat' dir='ltr'>sub</span> <span class='ocrx_word' id='word_1_81' title='bbox 2371 1360 2629 1426; x_wconf 91' lang='lat' dir='ltr'>dicione</span> 
     </span>
     <span class='ocr_line' id='line_1_12' title="bbox 467 1463 2629 1554; baseline 0.001 -27"><span class='ocrx_word' id='word_1_82' title='bbox 467 1463 889 1547; x_wconf 80' lang='lat' dir='ltr'>cogitationis</span> <span class='ocrx_word' id='word_1_83' title='bbox 977 1464 1380 1529; x_wconf 88' lang='lat' dir='ltr'>dominantis</span> <span class='ocrx_word' id='word_1_84' title='bbox 1471 1472 1594 1531; x_wconf 89' lang='lat' dir='ltr'>est.</span> <span class='ocrx_word' id='word_1_85' title='bbox 1718 1463 1972 1554; x_wconf 82' lang='lat' dir='ltr'>Contra</span> <span class='ocrx_word' id='word_1_86' title='bbox 2058 1467 2118 1530; x_wconf 91' lang='lat' dir='ltr'>si</span> <span class='ocrx_word' id='word_1_87' title='bbox 2206 1465 2629 1550; x_wconf 77' lang='lat' dir='ltr'>Thucydides</span> 
     </span>
     <span class='ocr_line' id='line_1_13' title="bbox 462 1565 2630 1652; baseline 0 -24"><span class='ocrx_word' id='word_1_88' title='bbox 462 1565 868 1648; x_wconf 79' lang='lat' dir='ltr'>scripsisset:</span> <span class='ocrx_word' id='word_1_89' title='bbox 946 1567 1042 1648; x_wconf 78' lang='grc' dir='ltr'><em>τὴν</em></span> <span class='ocrx_word' id='word_1_90' title='bbox 1119 1570 1437 1652; x_wconf 74' lang='grc' dir='ltr'><em>ναυμαχίαν</em></span> <span class='ocrx_word' id='word_1_91' title='bbox 1518 1568 1788 1651; x_wconf 81' lang='grc' dir='ltr'><em>ἐποίησαν</em></span> <span class='ocrx_word' id='word_1_92' title='bbox 1870 1571 1992 1652; x_wconf 76' lang='grc' dir='ltr'><em>πρίν</em></span> <span class='ocrx_word' id='word_1_93' title='bbox 2060 1593 2111 1628; x_wconf 84' lang='grc' dir='ltr'><em>τι</em></span> <span class='ocrx_word' id='word_1_94' title='bbox 2175 1571 2270 1629; x_wconf 76' lang='grc' dir='ltr'><em>καὶ</em></span> <span class='ocrx_word' id='word_1_95' title='bbox 2337 1569 2449 1629; x_wconf 83' lang='grc' dir='ltr'>ἀπὸ</span> <span class='ocrx_word' id='word_1_96' title='bbox 2518 1573 2630 1629; x_wconf 80' lang='grc' dir='ltr'><em>τῶν</em></span> 
     </span>
     <span class='ocr_line' id='line_1_14' title="bbox 470 1667 2628 1752; baseline 0.004 -25"><span class='ocrx_word' id='word_1_97' title='bbox 470 1667 779 1751; x_wconf 84' lang='grc' dir='ltr'><em>Ἀθηναίων</em></span> <span class='ocrx_word' id='word_1_98' title='bbox 857 1668 1262 1752; x_wconf 74' lang='grc' dir='ltr'><em>ἐπιβοηθῆσαι,</em></span> <span class='ocrx_word' id='word_1_99' title='bbox 1350 1672 1731 1737; x_wconf 86' lang='lat' dir='ltr'>infinitivus</span> <span class='ocrx_word' id='word_1_100' title='bbox 1822 1671 2168 1736; x_wconf 82' lang='lat' dir='ltr'>dominatu</span> <span class='ocrx_word' id='word_1_101' title='bbox 2257 1674 2628 1738; x_wconf 83' lang='lat' dir='ltr'>sententiae</span> 
     </span>
     <span class='ocr_line' id='line_1_15' title="bbox 468 1773 2627 1857; baseline 0.002 -21"><span class='ocrx_word' id='word_1_102' title='bbox 468 1773 819 1855; x_wconf 86' lang='lat' dir='ltr'>primariae</span> <span class='ocrx_word' id='word_1_103' title='bbox 841 1773 1161 1838; x_wconf 84' lang='lat' dir='ltr'>liberatus</span> <span class='ocrx_word' id='word_1_104' title='bbox 1188 1775 1505 1857; x_wconf 89' lang='lat' dir='ltr'>temporis</span> <span class='ocrx_word' id='word_1_105' title='bbox 1531 1773 2071 1839; x_wconf 83' lang='lat' dir='ltr'>determinationi</span> <span class='ocrx_word' id='word_1_106' title='bbox 2096 1775 2222 1840; x_wconf 92' lang='lat' dir='ltr'>soli</span> <span class='ocrx_word' id='word_1_107' title='bbox 2245 1775 2627 1841; x_wconf 84' lang='lat' dir='ltr'>inserviret.</span> 
     </span>
     <span class='ocr_line' id='line_1_16' title="bbox 469 1875 2631 1961; baseline 0.002 -21"><span class='ocrx_word' id='word_1_108' title='bbox 469 1875 850 1958; x_wconf 87' lang='lat' dir='ltr'>Antequam</span> <span class='ocrx_word' id='word_1_109' title='bbox 914 1876 1087 1941; x_wconf 87' lang='lat' dir='ltr'>hanc</span> <span class='ocrx_word' id='word_1_110' title='bbox 1153 1876 1638 1941; x_wconf 84' lang='lat' dir='ltr'>dissertationis</span> <span class='ocrx_word' id='word_1_111' title='bbox 1706 1886 1964 1961; x_wconf 85' lang='lat' dir='ltr'>partem</span> <span class='ocrx_word' id='word_1_112' title='bbox 2024 1877 2433 1958; x_wconf 87' lang='lat' dir='ltr'>concludam,</span> <span class='ocrx_word' id='word_1_113' title='bbox 2501 1879 2631 1944; x_wconf 85' lang='lat' dir='ltr'>duo</span> 
     </span>
     <span class='ocr_line' id='line_1_17' title="bbox 467 1979 2631 2064; baseline -0 -23"><span class='ocrx_word' id='word_1_114' title='bbox 467 1979 773 2062; x_wconf 82' lang='lat' dir='ltr'>exempla</span> <span class='ocrx_word' id='word_1_115' title='bbox 803 1980 1375 2045; x_wconf 88' lang='lat' dir='ltr'>commemoranda</span> <span class='ocrx_word' id='word_1_116' title='bbox 1405 1988 1582 2059; x_wconf 88' lang='lat' dir='ltr'>sunt,</span> <span class='ocrx_word' id='word_1_117' title='bbox 1626 1982 1696 2045; x_wconf 89' lang='lat' dir='ltr'>in</span> <span class='ocrx_word' id='word_1_118' title='bbox 1730 1981 1968 2064; x_wconf 89' lang='lat' dir='ltr'>quibus</span> <span class='ocrx_word' id='word_1_119' title='bbox 1998 1982 2380 2046; x_wconf 84' lang='lat' dir='ltr'>infinitivus</span> <span class='ocrx_word' id='word_1_120' title='bbox 2426 2003 2466 2045; x_wconf 88' lang='lat' dir='ltr'>a</span> <span class='ocrx_word' id='word_1_121' title='bbox 2509 1984 2631 2064; x_wconf 82' lang='grc' dir='ltr'><em>πρίν</em></span> 
     </span>
     <span class='ocr_line' id='line_1_18' title="bbox 466 2082 2633 2168; baseline 0.001 -21"><span class='ocrx_word' id='word_1_122' title='bbox 466 2084 797 2167; x_wconf 89' lang='lat' dir='ltr'>particula</span> <span class='ocrx_word' id='word_1_123' title='bbox 859 2083 1152 2168; x_wconf 85' lang='lat' dir='ltr'>pendens</span> <span class='ocrx_word' id='word_1_124' title='bbox 1218 2082 1487 2166; x_wconf 83' lang='lat' dir='ltr'>periodo</span> <span class='ocrx_word' id='word_1_125' title='bbox 1564 2083 2003 2149; x_wconf 86' lang='lat' dir='ltr'>condicionali</span> <span class='ocrx_word' id='word_1_126' title='bbox 2071 2084 2463 2150; x_wconf 89' lang='lat' dir='ltr'>subiunctus</span> <span class='ocrx_word' id='word_1_127' title='bbox 2530 2094 2633 2150; x_wconf 87' lang='lat' dir='ltr'>est</span> 
     </span>
     <span class='ocr_line' id='line_1_19' title="bbox 468 2184 2633 2270; baseline -0 -20"><span class='ocrx_word' id='word_1_128' title='bbox 468 2186 592 2264; x_wconf 88' lang='lat' dir='ltr'>IV,</span> <span class='ocrx_word' id='word_1_129' title='bbox 626 2184 727 2264; x_wconf 87' lang='grc'>69,</span> <span class='ocrx_word' id='word_1_130' title='bbox 767 2187 830 2250; x_wconf 83' lang='lat'>1:</span> <span class='ocrx_word' id='word_1_131' title='bbox 879 2188 1222 2267; x_wconf 75' lang='grc' dir='ltr'><em>νομίζοντες,</em></span> <span class='ocrx_word' id='word_1_132' title='bbox 1256 2187 1311 2246; x_wconf 84' lang='grc' dir='ltr'>εἶ</span> <span class='ocrx_word' id='word_1_133' title='bbox 1336 2188 1458 2269; x_wconf 77' lang='grc' dir='ltr'><em>πρὶν</em></span> <span class='ocrx_word' id='word_1_134' title='bbox 1489 2186 1875 2270; x_wconf 71' lang='grc' dir='ltr'><em>ἐπιβοηθῆσαι</em></span> <span class='ocrx_word' id='word_1_135' title='bbox 1909 2190 2063 2256; x_wconf 80' lang='grc' dir='ltr'><em>τινὰς</em></span> <span class='ocrx_word' id='word_1_136' title='bbox 2090 2187 2361 2260; x_wconf 78' lang='grc' dir='ltr'><em>ἐξέλοιεν,</em></span> <span class='ocrx_word' id='word_1_137' title='bbox 2408 2188 2633 2249; x_wconf 80' lang='grc' dir='ltr'><em>θᾶσσον</em></span> 
     </span>
     <span class='ocr_line' id='line_1_20' title="bbox 469 2288 2631 2377; baseline 0.002 -30"><span class='ocrx_word' id='word_1_138' title='bbox 469 2288 536 2348; x_wconf 75' lang='grc' dir='ltr'><em>ἂν</em></span> <span class='ocrx_word' id='word_1_139' title='bbox 580 2290 677 2349; x_wconf 80' lang='grc' dir='ltr'><em>καὶ</em></span> <span class='ocrx_word' id='word_1_140' title='bbox 720 2289 793 2348; x_wconf 80' lang='grc' dir='ltr'>τὰ</span> <span class='ocrx_word' id='word_1_141' title='bbox 837 2288 1084 2374; x_wconf 78' lang='grc' dir='ltr'><em>Μέγαρα</em></span> <span class='ocrx_word' id='word_1_142' title='bbox 1127 2298 1561 2375; x_wconf 74' lang='grc' dir='ltr'><em>προσχωρῆσαι,</em></span> <span class='ocrx_word' id='word_1_143' title='bbox 1605 2301 1673 2359; x_wconf 82' lang='lat' dir='ltr'>et</span> <span class='ocrx_word' id='word_1_144' title='bbox 1717 2290 1840 2371; x_wconf 85' lang='lat' dir='ltr'>VI,</span> <span class='ocrx_word' id='word_1_145' title='bbox 1890 2293 1992 2370; x_wconf 83' lang='grc'>49,</span> <span class='ocrx_word' id='word_1_146' title='bbox 2040 2292 2107 2357; x_wconf 85' lang='lat'>2:</span> <span class='ocrx_word' id='word_1_147' title='bbox 2170 2289 2232 2374; x_wconf 76' lang='grc' dir='ltr'><em>ἢν</em></span> <span class='ocrx_word' id='word_1_148' title='bbox 2278 2289 2348 2353; x_wconf 82' lang='grc' dir='ltr'>δὲ</span> <span class='ocrx_word' id='word_1_149' title='bbox 2383 2293 2631 2377; x_wconf 69' lang='grc' dir='ltr'><em>χρονὼῃ</em></span> 
     </span>
     <span class='ocr_line' id='line_1_21' title="bbox 466 2391 2634 2484; baseline 0.001 -31"><span class='ocrx_word' id='word_1_150' title='bbox 466 2395 587 2475; x_wconf 80' lang='grc' dir='ltr'><em>πρὶν</em></span> <span class='ocrx_word' id='word_1_151' title='bbox 632 2393 696 2459; x_wconf 81' lang='grc' dir='ltr'>ἐς</span> <span class='ocrx_word' id='word_1_152' title='bbox 737 2391 865 2476; x_wconf 75' lang='grc' dir='ltr'><em>ὄψιν</em></span> <span class='ocrx_word' id='word_1_153' title='bbox 908 2392 1116 2467; x_wconf 76' lang='grc' dir='ltr'><em>ἐλθεῖν,</em></span> <span class='ocrx_word' id='word_1_154' title='bbox 1160 2403 1231 2479; x_wconf 74' lang='grc' dir='ltr'>τῇ</span> <span class='ocrx_word' id='word_1_155' title='bbox 1271 2395 1468 2484; x_wconf 71' lang='grc' dir='ltr'><em>γνώμῃ</em></span> <span class='ocrx_word' id='word_1_156' title='bbox 1514 2397 1998 2480; x_wconf 76' lang='grc' dir='ltr'><em>ἁναθαρσοῦντας</em></span> <span class='ocrx_word' id='word_1_157' title='bbox 2038 2395 2387 2478; x_wconf 77' lang='grc' dir='ltr'><em>ἀνθρώπους</em></span> <span class='ocrx_word' id='word_1_158' title='bbox 2426 2398 2522 2456; x_wconf 80' lang='grc' dir='ltr'><em>καὶ</em></span> <span class='ocrx_word' id='word_1_159' title='bbox 2565 2404 2634 2480; x_wconf 81' lang='grc' dir='ltr'>τῇ</span> 
     </span>
     <span class='ocr_line' id='line_1_22' title="bbox 465 2495 2633 2583; baseline 0.002 -25"><span class='ocrx_word' id='word_1_160' title='bbox 465 2495 600 2580; x_wconf 75' lang='grc' dir='ltr'><em>ὄφει</em></span> <span class='ocrx_word' id='word_1_161' title='bbox 621 2504 1011 2581; x_wconf 79' lang='grc' dir='ltr'><em>καταφρονεῖν</em></span> <span class='ocrx_word' id='word_1_162' title='bbox 1029 2500 1264 2580; x_wconf 80' lang='grc' dir='ltr'><em>μᾶλλον.</em></span> <span class='ocrx_word' id='word_1_163' title='bbox 1311 2498 1615 2583; x_wconf 85' lang='lat' dir='ltr'>Utroque</span> <span class='ocrx_word' id='word_1_164' title='bbox 1640 2500 1787 2565; x_wconf 92' lang='lat' dir='ltr'>loco</span> <span class='ocrx_word' id='word_1_165' title='bbox 1816 2501 2199 2565; x_wconf 82' lang='lat' dir='ltr'>infinitivus</span> <span class='ocrx_word' id='word_1_166' title='bbox 2225 2499 2305 2564; x_wconf 84' lang='lat' dir='ltr'>ad</span> <span class='ocrx_word' id='word_1_167' title='bbox 2330 2500 2633 2583; x_wconf 85' lang='lat' dir='ltr'>protasin</span> 
     </span>
     <span class='ocr_line' id='line_1_23' title="bbox 461 2601 2634 2687; baseline 0.001 -22"><span class='ocrx_word' id='word_1_168' title='bbox 461 2603 773 2685; x_wconf 81' lang='lat' dir='ltr'>pertinet.</span> <span class='ocrx_word' id='word_1_169' title='bbox 899 2601 1237 2668; x_wconf 84' lang='lat' dir='ltr'>Circuitus</span> <span class='ocrx_word' id='word_1_170' title='bbox 1314 2603 1636 2668; x_wconf 86' lang='lat' dir='ltr'>orationis</span> <span class='ocrx_word' id='word_1_171' title='bbox 1722 2610 1950 2668; x_wconf 87' lang='lat' dir='ltr'>utrum</span> <span class='ocrx_word' id='word_1_172' title='bbox 2025 2604 2115 2668; x_wconf 90' lang='lat' dir='ltr'>sit</span> <span class='ocrx_word' id='word_1_173' title='bbox 2188 2603 2473 2687; x_wconf 83' lang='lat' dir='ltr'>simplex</span> <span class='ocrx_word' id='word_1_174' title='bbox 2549 2625 2634 2668; x_wconf 86' lang='lat' dir='ltr'>an</span> 
     </span>
     <span class='ocr_line' id='line_1_24' title="bbox 466 2706 1947 2789; baseline 0.001 -19"><span class='ocrx_word' id='word_1_175' title='bbox 466 2706 890 2789; x_wconf 82' lang='lat' dir='ltr'>compositus,</span> <span class='ocrx_word' id='word_1_176' title='bbox 937 2706 1021 2770; x_wconf 88' lang='lat' dir='ltr'>ad</span> <span class='ocrx_word' id='word_1_177' title='bbox 1063 2706 1482 2771; x_wconf 84' lang='lat' dir='ltr'>infinitivum</span> <span class='ocrx_word' id='word_1_178' title='bbox 1525 2706 1701 2770; x_wconf 90' lang='lat' dir='ltr'>nihil</span> <span class='ocrx_word' id='word_1_179' title='bbox 1748 2707 1947 2773; x_wconf 81' lang='lat' dir='ltr'>valet.</span> 
     </span>
    </p>

    <p class='ocr_par' dir='ltr' id='par_1_3' title="bbox 467 2808 2638 4025">
     <span class='ocr_line' id='line_1_25' title="bbox 635 2808 2632 2894; baseline 0.001 -22"><span class='ocrx_word' id='word_1_180' title='bbox 635 2808 998 2892; x_wconf 85' lang='lat' dir='ltr'>Hucusque</span> <span class='ocrx_word' id='word_1_181' title='bbox 1055 2808 1136 2873; x_wconf 87' lang='lat' dir='ltr'>de</span> <span class='ocrx_word' id='word_1_182' title='bbox 1190 2810 1274 2874; x_wconf 88' lang='lat' dir='ltr'>iis</span> <span class='ocrx_word' id='word_1_183' title='bbox 1332 2817 1596 2875; x_wconf 88' lang='lat' dir='ltr'>tantum</span> <span class='ocrx_word' id='word_1_184' title='bbox 1650 2810 1815 2875; x_wconf 89' lang='lat' dir='ltr'>locis</span> <span class='ocrx_word' id='word_1_185' title='bbox 1871 2810 2171 2894; x_wconf 88' lang='lat' dir='ltr'>quaestio</span> <span class='ocrx_word' id='word_1_186' title='bbox 2229 2808 2422 2873; x_wconf 87' lang='lat' dir='ltr'>nobis</span> <span class='ocrx_word' id='word_1_187' title='bbox 2470 2817 2632 2887; x_wconf 83' lang='lat' dir='ltr'>erat,</span> 
     </span>
     <span class='ocr_line' id='line_1_26' title="bbox 467 2910 2634 2997; baseline 0.001 -23"><span class='ocrx_word' id='word_1_188' title='bbox 467 2931 749 2993; x_wconf 87' lang='lat' dir='ltr'>quorum</span> <span class='ocrx_word' id='word_1_189' title='bbox 809 2912 1231 2976; x_wconf 88' lang='lat' dir='ltr'>enuntiatum</span> <span class='ocrx_word' id='word_1_190' title='bbox 1289 2912 1681 2994; x_wconf 85' lang='lat' dir='ltr'>primarium</span> <span class='ocrx_word' id='word_1_191' title='bbox 1737 2934 1896 2978; x_wconf 83' lang='lat' dir='ltr'>vera</span> <span class='ocrx_word' id='word_1_192' title='bbox 1945 2912 2296 2997; x_wconf 83' lang='lat' dir='ltr'>negatione</span> <span class='ocrx_word' id='word_1_193' title='bbox 2342 2910 2634 2977; x_wconf 79' lang='lat' dir='ltr'>carebat.</span> 
     </span>
     <span class='ocr_line' id='line_1_27' title="bbox 467 3012 2633 3098; baseline 0 -20"><span class='ocrx_word' id='word_1_194' title='bbox 467 3012 879 3078; x_wconf 89' lang='lat' dir='ltr'>Accedamus</span> <span class='ocrx_word' id='word_1_195' title='bbox 946 3014 1078 3077; x_wconf 89' lang='lat' dir='ltr'>iam</span> <span class='ocrx_word' id='word_1_196' title='bbox 1135 3013 1217 3078; x_wconf 87' lang='lat' dir='ltr'>ad</span> <span class='ocrx_word' id='word_1_197' title='bbox 1274 3036 1383 3079; x_wconf 89' lang='lat' dir='ltr'>eas</span> <span class='ocrx_word' id='word_1_198' title='bbox 1449 3016 1573 3096; x_wconf 69' lang='grc' dir='ltr'><em>ποίν</em></span> <span class='ocrx_word' id='word_1_199' title='bbox 1639 3015 2002 3098; x_wconf 84' lang='lat' dir='ltr'>particulae</span> <span class='ocrx_word' id='word_1_200' title='bbox 2078 3036 2229 3079; x_wconf 91' lang='lat' dir='ltr'>cum</span> <span class='ocrx_word' id='word_1_201' title='bbox 2293 3014 2633 3078; x_wconf 88' lang='lat' dir='ltr'>infinitivo</span> 
     </span>
     <span class='ocr_line' id='line_1_28' title="bbox 467 3118 2638 3201; baseline 0 -21"><span class='ocrx_word' id='word_1_202' title='bbox 467 3124 855 3195; x_wconf 74' lang='lat' dir='ltr'>structuraS,</span> <span class='ocrx_word' id='word_1_203' title='bbox 947 3138 1225 3200; x_wconf 85' lang='lat' dir='ltr'>quarum</span> <span class='ocrx_word' id='word_1_204' title='bbox 1316 3118 1685 3182; x_wconf 86' lang='lat' dir='ltr'>sententiae</span> <span class='ocrx_word' id='word_1_205' title='bbox 1771 3118 2127 3201; x_wconf 88' lang='lat' dir='ltr'>primariae</span> <span class='ocrx_word' id='word_1_206' title='bbox 2214 3138 2379 3182; x_wconf 86' lang='lat' dir='ltr'>vera</span> <span class='ocrx_word' id='word_1_207' title='bbox 2461 3118 2638 3181; x_wconf 89' lang='lat' dir='ltr'>inest</span> 
     </span>
     <span class='ocr_line' id='line_1_29' title="bbox 467 3218 2636 3305; baseline 0 -21"><span class='ocrx_word' id='word_1_208' title='bbox 467 3221 751 3305; x_wconf 84' lang='lat' dir='ltr'>negandi</span> <span class='ocrx_word' id='word_1_209' title='bbox 800 3221 920 3285; x_wconf 87' lang='lat' dir='ltr'>vis.</span> <span class='ocrx_word' id='word_1_210' title='bbox 1015 3218 1091 3287; x_wconf 81' lang='lat' dir='ltr'>Si</span> <span class='ocrx_word' id='word_1_211' title='bbox 1136 3220 1448 3285; x_wconf 84' lang='lat' dir='ltr'>Proksch</span> <span class='ocrx_word' id='word_1_212' title='bbox 1475 3219 1520 3302; x_wconf 92' lang='lat'>¹)</span> <span class='ocrx_word' id='word_1_213' title='bbox 1568 3220 1638 3284; x_wconf 89' lang='lat' dir='ltr'>in</span> <span class='ocrx_word' id='word_1_214' title='bbox 1688 3222 2039 3285; x_wconf 87' lang='lat' dir='ltr'>sententiis</span> <span class='ocrx_word' id='word_1_215' title='bbox 2085 3220 2416 3305; x_wconf 81' lang='lat' dir='ltr'>negativis</span> <span class='ocrx_word' id='word_1_216' title='bbox 2463 3220 2636 3304; x_wconf 88' lang='lat' dir='ltr'>apud</span> 
     </span>
     <span class='ocr_line' id='line_1_30' title="bbox 468 3322 2638 3408; baseline -0 -20"><span class='ocrx_word' id='word_1_217' title='bbox 468 3323 922 3408; x_wconf 79' lang='lat' dir='ltr'>Thucydidem</span> <span class='ocrx_word' id='word_1_218' title='bbox 997 3325 1418 3390; x_wconf 76' lang='lat' dir='ltr'>infinitivum</span> <span class='ocrx_word' id='word_1_219' title='bbox 1497 3346 1536 3387; x_wconf 84' lang='lat' dir='ltr'>a</span> <span class='ocrx_word' id='word_1_220' title='bbox 1609 3325 1734 3406; x_wconf 86' lang='grc' dir='ltr'><em>πρίν</em></span> <span class='ocrx_word' id='word_1_221' title='bbox 1821 3322 2149 3407; x_wconf 86' lang='lat' dir='ltr'>particula</span> <span class='ocrx_word' id='word_1_222' title='bbox 2238 3323 2638 3406; x_wconf 87' lang='lat' dir='ltr'>pendentem</span> 
     </span>
     <span class='ocr_line' id='line_1_31' title="bbox 469 3424 2630 3513; baseline 0.001 -24"><span class='ocrx_word' id='word_1_223' title='bbox 469 3434 731 3491; x_wconf 81' lang='lat' dir='ltr'>exstare</span> <span class='ocrx_word' id='word_1_224' title='bbox 803 3450 1076 3511; x_wconf 88' lang='lat' dir='ltr'>prorsus</span> <span class='ocrx_word' id='word_1_225' title='bbox 1151 3435 1367 3513; x_wconf 84' lang='lat' dir='ltr'>negat,</span> <span class='ocrx_word' id='word_1_226' title='bbox 1445 3449 1683 3493; x_wconf 82' lang='lat' dir='ltr'>vereor</span> <span class='ocrx_word' id='word_1_227' title='bbox 1752 3433 1831 3490; x_wconf 87' lang='lat' dir='ltr'>ut</span> <span class='ocrx_word' id='word_1_228' title='bbox 1905 3424 2170 3509; x_wconf 82' lang='lat' dir='ltr'>singula</span> <span class='ocrx_word' id='word_1_229' title='bbox 2257 3427 2630 3491; x_wconf 81' lang='lat' dir='ltr'>accuratius</span> 
     </span>
     <span class='ocr_line' id='line_1_32' title="bbox 470 3529 2636 3615; baseline 0.002 -24"><span class='ocrx_word' id='word_1_230' title='bbox 470 3529 854 3613; x_wconf 83' lang='lat' dir='ltr'>inspexerit.</span> <span class='ocrx_word' id='word_1_231' title='bbox 946 3531 1194 3596; x_wconf 89' lang='lat' dir='ltr'>Decem</span> <span class='ocrx_word' id='word_1_232' title='bbox 1238 3553 1396 3595; x_wconf 84' lang='lat' dir='ltr'>sane</span> <span class='ocrx_word' id='word_1_233' title='bbox 1441 3538 1801 3608; x_wconf 89' lang='lat' dir='ltr'>occurrunt</span> <span class='ocrx_word' id='word_1_234' title='bbox 1846 3530 1996 3608; x_wconf 90' lang='lat' dir='ltr'>loci,</span> <span class='ocrx_word' id='word_1_235' title='bbox 2050 3530 2165 3612; x_wconf 88' lang='lat' dir='ltr'>qui</span> <span class='ocrx_word' id='word_1_236' title='bbox 2211 3530 2636 3615; x_wconf 83' lang='lat' dir='ltr'>negationem</span> 
     </span>
     <span class='ocr_line' id='line_1_33' title="bbox 470 3631 2636 3720; baseline 0.002 -25"><span class='ocrx_word' id='word_1_237' title='bbox 470 3632 735 3697; x_wconf 88' lang='lat' dir='ltr'>habent.</span> <span class='ocrx_word' id='word_1_238' title='bbox 815 3631 951 3698; x_wconf 77' lang='lat' dir='ltr'>sed</span> <span class='ocrx_word' id='word_1_239' title='bbox 989 3643 1290 3699; x_wconf 86' lang='lat' dir='ltr'>accurate</span> <span class='ocrx_word' id='word_1_240' title='bbox 1338 3634 1881 3720; x_wconf 83' lang='lat' dir='ltr'>distinguendum</span> <span class='ocrx_word' id='word_1_241' title='bbox 1930 3641 2054 3712; x_wconf 87' lang='lat' dir='ltr'>est,</span> <span class='ocrx_word' id='word_1_242' title='bbox 2101 3642 2328 3699; x_wconf 87' lang='lat' dir='ltr'>utrum</span> <span class='ocrx_word' id='word_1_243' title='bbox 2373 3636 2636 3719; x_wconf 85' lang='lat' dir='ltr'>negatio</span> 
     </span>
     <span class='ocr_line' id='line_1_34' title="bbox 470 3734 2638 3821; baseline -0 -22"><span class='ocrx_word' id='word_1_244' title='bbox 470 3737 559 3800; x_wconf 87' lang='lat' dir='ltr'>sit</span> <span class='ocrx_word' id='word_1_245' title='bbox 594 3757 749 3802; x_wconf 87' lang='lat' dir='ltr'>vera</span> <span class='ocrx_word' id='word_1_246' title='bbox 788 3744 984 3819; x_wconf 90' lang='lat' dir='ltr'>atque</span> <span class='ocrx_word' id='word_1_247' title='bbox 1027 3744 1273 3820; x_wconf 87' lang='lat' dir='ltr'>aperta,</span> <span class='ocrx_word' id='word_1_248' title='bbox 1321 3760 1405 3802; x_wconf 87' lang='lat' dir='ltr'>an</span> <span class='ocrx_word' id='word_1_249' title='bbox 1450 3739 1710 3803; x_wconf 90' lang='lat' dir='ltr'>occulta</span> <span class='ocrx_word' id='word_1_250' title='bbox 1753 3748 1968 3821; x_wconf 52' lang='lat' dir='ltr'>atque,</span> <span class='ocrx_word' id='word_1_251' title='bbox 1996 3744 2189 3803; x_wconf 90' lang='lat' dir='ltr'>tecta.</span> <span class='ocrx_word' id='word_1_252' title='bbox 2283 3734 2359 3801; x_wconf 81' lang='lat' dir='ltr'>si</span> <span class='ocrx_word' id='word_1_253' title='bbox 2389 3735 2638 3820; x_wconf 84' lang='lat' dir='ltr'>legitur</span> 
     </span>
     <span class='ocr_line' id='line_1_35' title="bbox 469 3836 2636 3924; baseline -0.003 -21"><span class='ocrx_word' id='word_1_254' title='bbox 469 3839 523 3916; x_wconf 87' lang='grc' dir='ltr'>Ῑ,</span> <span class='ocrx_word' id='word_1_255' title='bbox 577 3839 696 3905; x_wconf 82' lang='grc'>125</span> <span class='ocrx_word' id='word_1_256' title='bbox 764 3837 1025 3905; x_wconf 75' lang='grc' dir='ltr'><em>ἐνιαυτὸς·</em></span> <span class='ocrx_word' id='word_1_257' title='bbox 1082 3838 1191 3921; x_wconf 80' lang='grc' dir='ltr'><em>μὲν</em></span> <span class='ocrx_word' id='word_1_258' title='bbox 1259 3840 1327 3900; x_wconf 78' lang='grc' dir='ltr'>οὐ</span> <span class='ocrx_word' id='word_1_259' title='bbox 1394 3843 1675 3924; x_wconf 83' lang='grc' dir='ltr'><em>διετρίβη,</em></span> <span class='ocrx_word' id='word_1_260' title='bbox 1743 3838 1994 3901; x_wconf 80' lang='grc' dir='ltr'><em>ἔλασσον</em></span> <span class='ocrx_word' id='word_1_261' title='bbox 2040 3839 2109 3900; x_wconf 82' lang='grc' dir='ltr'>δὲ</span> <span class='ocrx_word' id='word_1_262' title='bbox 2174 3839 2298 3921; x_wconf 77' lang='grc' dir='ltr'><em>πρὶν</em></span> <span class='ocrx_word' id='word_1_263' title='bbox 2343 3836 2636 3917; x_wconf 74' lang='grc' dir='ltr'><em>ἐσβαλεῖν,</em></span> 
     </span>
     <span class='ocr_line' id='line_1_36' title="bbox 470 3939 2633 4025; baseline -0.002 -18"><span class='ocrx_word' id='word_1_264' title='bbox 470 3965 702 4008; x_wconf 88' lang='lat' dir='ltr'>sensus</span> <span class='ocrx_word' id='word_1_265' title='bbox 762 3945 1031 4009; x_wconf 90' lang='lat' dir='ltr'>omnino</span> <span class='ocrx_word' id='word_1_266' title='bbox 1088 3952 1190 4009; x_wconf 89' lang='lat' dir='ltr'>cst</span> <span class='ocrx_word' id='word_1_267' title='bbox 1233 3945 1709 4023; x_wconf 81' lang='lat' dir='ltr'>affirmativus3</span> <span class='ocrx_word' id='word_1_268' title='bbox 1780 3965 1911 4009; x_wconf 90' lang='lat' dir='ltr'>una</span> <span class='ocrx_word' id='word_1_269' title='bbox 1969 3965 2102 4010; x_wconf 81' lang='lat' dir='ltr'>vox</span> <span class='ocrx_word' id='word_1_270' title='bbox 2149 3939 2633 4025; x_wconf 86' lang='lat' dir='ltr'>quodammodo</span> 
     </span>
    </p>
   </div>
   <div class='ocr_carea' id='block_1_3' title="bbox 646 4163 2055 4236">
    <p class='ocr_par' dir='ltr' id='par_1_4' title="bbox 646 4163 2055 4236">
     <span class='ocr_line' id='line_1_37' title="bbox 646 4163 2055 4236; baseline -0.001 -17"><span class='ocrx_word' id='word_1_271' title='bbox 646 4164 687 4231; x_wconf 89' lang='lat' dir='ltr'>l)</span> <span class='ocrx_word' id='word_1_272' title='bbox 725 4163 791 4219; x_wconf 84' lang='lat' dir='ltr'>N.</span> <span class='ocrx_word' id='word_1_273' title='bbox 828 4163 962 4221; x_wconf 79' lang='lat' dir='ltr'>Jbb.</span> <span class='ocrx_word' id='word_1_274' title='bbox 998 4163 1036 4219; x_wconf 90' lang='lat' dir='ltr'>f.</span> <span class='ocrx_word' id='word_1_275' title='bbox 1072 4164 1211 4221; x_wconf 91' lang='lat' dir='ltr'>Phil.</span> <span class='ocrx_word' id='word_1_276' title='bbox 1250 4183 1301 4220; x_wconf 78' lang='lat' dir='ltr'>n.</span> <span class='ocrx_word' id='word_1_277' title='bbox 1340 4165 1511 4222; x_wconf 83' lang='lat' dir='ltr'>Paed.</span> <span class='ocrx_word' id='word_1_278' title='bbox 1553 4165 1730 4235; x_wconf 79' lang='lat'>(1877)</span> <span class='ocrx_word' id='word_1_279' title='bbox 1767 4182 1898 4236; x_wconf 88' lang='lat' dir='ltr'>pag.</span> <span class='ocrx_word' id='word_1_280' title='bbox 1935 4164 2055 4220; x_wconf 85' lang='lat'>454.</span> 
     </span>
    </p>
   </div>
  </div>
 </body>
</html>
