3088 4580
543 290 629 358 32

546 483 806 547 desunt.
908 478 1116 560 Quid,
1186 476 1361 560 quod
1433 476 1561 541 hoe
1634 476 1779 542 loco
1838 476 2220 543 infinitivus
2280 478 2559 561 perfecti
2630 477 2713 542 ad

544 588 892 662 actionem,
926 604 1089 666 quae
1123 589 1415 665 tempore
1446 580 1673 644 futuro
1699 582 2097 660 continetur,
2123 583 2452 665 pertinet?
2496 581 2713 664 Atqui

544 690 617 754 in
672 687 978 752 omnibus
1032 682 1414 750 huiusmodi
1481 684 1645 748 locis
1711 685 1959 769 legitur
2015 685 2395 750 infinitivus
2458 685 2709 750 aoristi.

544 789 862 875 Exempli
907 789 1124 875 gratia
1155 789 1373 852 locum
1406 789 1623 852 nostri
1668 788 2086 854 simillimum
2118 790 2376 853 afferam
2402 785 2554 848 Ἕλλ.
2586 787 2707 866 VI,

546 897 605 973 5,
651 894 726 960 9:
773 892 1062 974 φθάνουσι
1104 893 1227 974 πρὶν
1270 891 1707 972 καταληφθῆναι
1761 927 1846 935 —-
1902 891 2354 972 καταφυγόντες.
2449 890 2708 972 Quibus

545 1000 742 1065 rebus
813 999 1102 1062 confisus
1162 995 1582 1061 infinitivum
1647 994 1877 1058 aoristi
1939 994 2373 1077 καταληφθῆναι
2436 994 2545 1059 1110
2609 1016 2711 1059 re-

545 1099 925 1185 ponendum
949 1120 1093 1163 esse
1122 1107 1301 1182 pute.
1355 1096 1552 1178 Quod
1581 1097 1652 1161 in
1672 1095 1854 1161 ABG
1894 1098 2095 1163 verba
2124 1100 2247 1180 σφὶν
2278 1098 2712 1180 καταληφθῆναι

545 1203 957 1280 exciderunt,
1046 1209 1319 1286 propter
1407 1201 1770 1266 clausulam
1853 1202 2207 1267 verborum
2282 1202 2569 1283 φθάσαι
2643 1211 2710 1266 et

544 1306 1073 1388 καταληφθῆναι,
1133 1305 1524 1388 praesertim
1593 1306 1650 1369 si
1707 1306 2088 1370 maiusculis
2159 1329 2324 1389 quae
2399 1307 2711 1371 dicuntur

543 1411 788 1474 litteris
835 1410 1082 1492 scripta
1122 1416 1301 1486 sunt,
1348 1409 1763 1474 simillimam
1804 1407 2053 1474 factum
2084 1431 2226 1475 esse
2258 1411 2590 1475 existimo.

720 1512 1075 1577 Postremo
1121 1519 1339 1576 autem
1388 1512 1532 1576 loeo
1582 1535 1715 1577 non
1747 1512 2230 1598 neglegendum
2262 1521 2381 1589 est,
2430 1519 2506 1576 ut
2535 1512 2708 1596 apud

549 1614 1008 1699 Thucydidem
1054 1635 1433 1697 numquam,
1494 1617 1589 1678 sic
1635 1615 1808 1698 apud
1863 1615 2384 1698 Xenophontem
2437 1636 2707 1699 perraro

545 1719 829 1801 πρότερον
899 1718 971 1782 111
1038 1719 1384 1783 enuntiato
1451 1719 1770 1802 primario
1835 1720 2014 1802 poni.
2126 1719 2369 1784 Tribus
2441 1727 2705 1786 tantum

548 1820 1000 1907 Cyropaediae
1044 1821 1205 1886 locis
1252 1823 1343 1901 II,
1391 1822 1450 1901 2,
1502 1823 1617 1901 103
1661 1822 1782 1895 IV,
1818 1819 1877 1899 3,
1934 1820 2036 1900 143
2083 1821 2168 1899 V,
2203 1821 2263 1899 2,
2311 1819 2349 1887 9
2396 1824 2705 1900 occurrit,

546 1926 783 2010 quibus
840 1946 1013 1988 unus
1071 1927 1250 1986 Oc'xov.
1295 1925 1356 2004 8,
1403 1924 1487 1992 23
1546 1925 1818 1991 accedit.
1909 1924 2100 1988 Bono
2155 1924 2281 1989 hoe
2335 1926 2614 1990 consilio
2670 1947 2709 1990 a

544 2030 995 2114 Xenophonte
1016 2031 1265 2094 factum
1296 2038 1415 2095 est.
1493 2031 1796 2113 Namque
1817 2029 1890 2093 in
1914 2036 2226 2112 quattuor
2244 2028 2351 2093 his
2382 2028 2703 2112 exemplis

544 2133 927 2198 infinitivus
990 2133 1073 2197 ad
1136 2155 1404 2197 sensum
1471 2155 1679 2217 paene
1745 2134 2150 2216 negativum,
2219 2154 2415 2215 quem
2473 2139 2700 2196 nostro

545 2236 718 2301 ohne
762 2259 845 2302 zu
889 2237 1362 2322 significamus,
1430 2236 1730 2316 inclinat,
1801 2237 1895 2302 ita
1950 2245 2027 2302 ut
2082 2236 2476 2301 antecedens
2535 2233 2701 2301 illud

545 2342 829 2423 πρότερον
902 2340 984 2405 ad
1055 2342 1397 2406 notionem
1484 2340 1918 2425 temporalem
1995 2341 2182 2423 quasi
2255 2342 2702 2423 quiescentem

545 2445 787 2509 elarius
833 2443 1330 2527 exprimendam
1379 2443 1782 2509 destinatum
1828 2465 1971 2509 csse
2014 2442 2338 2510 videatur.

1392 3028 1702 3130 eaput
1753 3029 1866 3109 Π.

548 3235 642 3298 De
676 3253 789 3298 usu
825 3234 993 3297 modi
1026 3234 1177 3297 finiti
1220 3253 1253 3298 a
1288 3237 1410 3317 σφίν
1441 3237 1884 3299 coniunctione
1919 3237 2252 3317 pendentis
2283 3236 2704 3319 Thucydideo

1329 3359 1393 3419 et
1436 3355 1920 3436 Xenophonteo.

735 3625 878 3712 ξὸ.
970 3627 1085 3691 De
1153 3627 1470 3711 origine
1536 3627 1752 3693 modi
1823 3629 2059 3694 finiti
2126 3651 2299 3695 cum
2364 3632 2517 3713 πρίν

1110 3731 1698 3796 coniunctione
1745 3732 2137 3816 copulati.

717 3868 1131 3933 Perventum
1155 3876 1258 3932 est
1279 3868 1362 3932 ad
1385 3868 1664 3934 alteram
1689 3868 1888 3933 huius
1912 3868 2399 3934 dissertationis
2427 3877 2703 3952 partem,

546 3992 711 4053 quae
767 3977 870 4035 est
926 3970 1006 4035 de
1060 3971 1388 4053 particula
1446 3976 1569 4055 ηοίν
1614 3994 1764 4037 011111
1817 3972 2012 4037 modo
2057 3974 2251 4037 finito
2310 3972 2701 4038 consociata.

548 4073 755 4138 Cuius
803 4080 1176 4138 structurae
1221 4075 1391 4139 ratio
1437 4097 1640 4158 quum
1686 4075 1767 4139 ab
1798 4096 1893 4155 ea,
1937 4097 2134 4158 quam
2164 4072 2358 4138 modo
2389 4075 2707 4141 tractavi-

544 4199 713 4255 muS‚
768 4196 1167 4261 magnopere
1210 4175 1558 4262 discrepet,
1607 4200 1740 4243 non
1771 4179 2071 4262 ineptum
2107 4178 2237 4244 erit
2280 4179 2703 4262 perscrutari,
