3088 4580
461 229 565 320 '16

476 444 653 509 mihi.
690 445 1005 528 persuasi.
1099 443 1425 509 Bothium
1447 441 1494 524 ¹)
1543 463 1749 525 quum
1790 441 2232 526 Antiphontis
2278 449 2358 506 et
2378 441 2644 523 Thucy-

478 547 648 612 didis
725 548 1084 612 dictionem
1159 549 1336 612 inter
1409 568 1479 611 se
1572 566 1954 628 comparare
2043 544 2393 621 studuerit,
2485 543 2645 608 haec

478 650 846 716 similitudo
917 651 1113 715 valde
1179 650 1629 715 memorabilis
1707 649 1900 731 fugit.
2000 648 2315 712 Fortasse
2393 646 2645 729 aliquid

479 754 736 819 confert
793 753 874 818 ad
931 763 1322 839 argumenta
1366 775 1595 817 eorum
1652 751 2155 828 corroboranda,
2219 751 2333 833 qui
2381 750 2645 834 Thucy-

479 857 697 922 didem
754 857 836 922 ab
880 857 1305 941 Antiphonte
1361 856 1666 922 doctrina
1727 855 2059 920 rhetorica
2111 854 2446 919 imbutum
2503 875 2644 917 esse

479 960 913 1027 contendunt.

648 1065 793 1130 Iam
860 1071 1275 1129 transeamus
1340 1061 1423 1127 ad
1489 1062 1770 1129 alteram
1852 1060 2312 1145 exemplorum
2384 1062 2643 1139 seriem,

479 1188 760 1251 quorum
791 1167 1212 1231 enuntiatum
1235 1167 1628 1250 primarium
1650 1165 1731 1229 ad
1755 1173 2016 1248 tempus
2042 1163 2345 1229 futurum
2368 1173 2641 1249 spectat.

480 1271 739 1335 Harum
771 1270 1083 1335 classium
1112 1271 1299 1352 quasi
1332 1271 1400 1332 in
1434 1270 1723 1334 confinio
1754 1269 2035 1335 verbum
2066 1268 2307 1349 φθάνειν
2353 1269 2644 1351 positum

479 1383 612 1452 est;
682 1394 835 1437 nam
902 1375 1208 1457 propriae
1274 1372 1765 1455 praeveniendi·
1809 1372 2284 1456 significationi
2350 1371 2646 1437 admixta

482 1488 678 1560 atque
766 1476 1077 1560 adspersa
1149 1486 1253 1541 est
1325 1475 1641 1541 voluntas
1730 1476 2047 1559 quaedam
2137 1474 2491 1560 appetendi
2577 1483 2645 1540 et

483 1579 807 1662 captandi.
852 1634 855 1637 .
902 1577 1165 1663 Septies
1207 1579 1381 1663 apud
1423 1579 1881 1663 Thucydidem
1925 1589 2287 1664 usurpatur
2331 1588 2643 1662 sequente

482 1683 810 1767 particula
853 1685 995 1765 πρίν,
1048 1684 1143 1748 ita
1187 1694 1264 1748 ut
1308 1693 1544 1766 quater
1591 1704 1740 1748 cnm
1789 1684 2009 1748 verbis
2055 1682 2329 1767 optandi
2374 1682 2644 1747 notione

482 1784 798 1871 praeditis
837 1787 1286 1851 consociatum
1332 1787 1484 1864 (IV,
1530 1786 1591 1864 4,
1640 1785 1700 1852 3.
1766 1787 1890 1863 IV,
1950 1786 2085 1864 104,
2134 1784 2192 1851 3.
2263 1784 2387 1862 IV,
2435 1783 2538 1862 67,
2583 1782 2642 1849 4.

488 1889 646 1966 VII,
702 1885 807 1966 36,
864 1893 947 1967 1),
1006 1889 1106 1953 bis
1171 1897 1434 1954 tantum
1481 1890 1699 1954 solum
1760 1898 2066 1954 occurrat
2127 1889 2279 1966 (IV,
2328 1887 2430 1965 79,
2495 1888 2519 1950 1
2575 1896 2644 1951 et

485 1992 607 2071 VI,
655 1991 756 2067 97,
803 1990 906 2071 2);
974 1993 1178 2056 semel
1244 2013 1426 2058 mero
1483 1993 1711 2058 futuro
1758 1994 2141 2058 continetur
2185 1993 2382 2069 VIII,
2438 1990 2531 2069 12,
2585 1990 2637 2054 1.

488 2094 623 2162 Sed
666 2096 799 2160 alia
853 2095 1049 2159 huius
1097 2094 1348 2159 ordinis
1395 2097 1702 2180 exempla
1745 2118 2226 2161 enumeremus.
2303 2094 2640 2178 Imprimis

487 2199 848 2266 tenendum
949 2206 1053 2263 est
1155 2220 1413 2263 merum
1522 2207 1784 2283 tempus
1902 2200 2205 2264 futurum
2308 2197 2641 2261 rarissime

486 2304 779 2369 inveniri
792 2326 807 2380 ;
868 2301 1041 2386 apud
1089 2302 1549 2387 Thucydidem
1608 2313 1870 2387 praeter
1915 2327 2143 2380 unum,
2212 2325 2406 2386 quem
2453 2301 2644 2366 modo

488 2408 849 2485 nominavi,
918 2408 1138 2471 locum
1204 2406 1375 2472 alter
1437 2415 1659 2473 exstat
1731 2409 1815 2485 V,
1876 2406 1937 2484 9,
1996 2408 2038 2471 4
2112 2408 2234 2488 πρὶν
2308 2404 2649 2486 &out-affixam

488 2513 951 2593 προσπεσοῦμαι,
1019 2508 1475 2595 adiungendus
1532 2519 1637 2577 est
1693 2512 1815 2590 IV,
1857 2509 1961 2588 85,
1994 2509 2054 2587 2,
2104 2508 2218 2573 ubi
2264 2508 2646 2573 infinitivus

488 2614 703 2678 futuri
740 2635 781 2677 a
825 2613 1031 2679 verbo
1087 2613 1417 2677 sentiendi
1473 2616 1769 2699 pendens
1827 2614 2172 2693 invenitur
2228 2610 2482 2691 οἰόμενοι
2524 2611 2648 2692 πρὶν

488 2718 808 2800 ἀφικέσθαι
852 2716 1024 2799 ἥξειν.
1113 2716 1393 2782 Duobus
1463 2719 1624 2784 locis
1694 2718 2075 2804 imperativi
2137 2713 2537 2779 antecedunt
2591 2713 2646 2788 I,

488 2818 593 2897 78,
648 2821 707 2885 1:
756 2822 878 2903 πρὶν
921 2856 1006 2865 ——
1050 2819 1332 2900 γενέσθαι
1375 2824 1777 2904 πμοὸιάγνωτε
1816 2833 1883 2888 et
1928 2822 1982 2899 Ι,
2039 2820 2176 2897 141,
2226 2823 2249 2882 1
2303 2817 2649 2899 ὃιανοὴθητε

489 2927 611 3007 πρίν
656 2950 706 2986 τι
747 2926 1055 3007 βλαβῆναι.
1145 2924 1248 2989 Eo
1296 2926 1709 3008 frequentius
1765 2928 1927 2991 alias
1974 2923 2304 2991 enuntiati
2349 2919 2650 3005 primarii

489 3028 733 3093 formas
779 3028 1110 3094 adhibitas
1168 3028 1492 3106 videmus,
1554 3030 1793 3112 quibus
1852 3030 2037 3095 notio
2083 3026 2295 3092 futuri
2340 3024 2647 3089 efficitur.

492 3129 895 3215 Saepissime
962 3142 1324 3197 occurrunt
1393 3132 1599 3198 verba
1658 3133 1739 3197 ad
1800 3132 2072 3216 optandi
2119 3129 2459 3195 notionem
2504 3147 2653 3209 per-

492 3235 796 3312 tinentia,
857 3235 1041 3299 volut
1081 3234 1409 3312 βούλεσθαι
1455 3237 1540 3313 (Ι,
1588 3235 1691 3313 20,
1738 3235 1812 3315 3;
1871 3235 1963 3312 ΙΙ,
2011 3235 2115 3311 86,
2161 3234 2231 3312 4;
2289 3232 2382 3310 ΙΙ,
2431 3228 2534 3308 93,
2587 3228 2651 3306 1;

489 3337 621 3412 ΙΙΙ,
669 3334 772 3416 69,
819 3335 888 3415 2;
935 3339 1059 3416 IV,
1107 3338 1210 3416 67,
1256 3342 1325 3420 53
1372 3340 1492 3416 IV,
1536 3339 1678 3417 104,
1724 3338 1762 3404 3
1778 3362 1793 3417 ;
1840 3338 1999 3414 VII,
2032 3335 2138 3414 36,
2194 3341 2271 3414 l),
2319 3334 2654 3415 ἐπείγεσθαι

492 3440 647 3517 (IV,
709 3439 768 3518 4,
824 3438 918 3518 2),
989 3440 1218 3522 μέλλειν
1264 3443 1417 3521 (VI,
1484 3440 1588 3519 76,
1652 3442 1728 3518 1),
1805 3442 2163 3502 διανοεῖσθαι
2217 3440 2367 3517 (IV,
2415 3437 2519 3518 72,
2571 3439 2652 3513 1),

491 3544 689 3627 ἀρκεῖν
753 3544 914 3621 (ΙΙΙ,
961 3542 1065 3623 30,
1120 3544 1199 3622 1),
1264 3544 1493 3625 ἑτοῖμον
1539 3544 1683 3614 εἶναι
1745 3545 1899 3625 (VI,
1957 3543 2059 3623 29,
2122 3544 2209 3622 1),
2273 3543 2341 3602 οὐ
2400 3543 2656 3626 χαλεπὸν

492 3647 635 3710 εἶναι
680 3647 843 3727 (ΙΙΙ,
890 3646 992 3726 94,
1040 3652 1130 3722 4).
1221 3648 1351 3713 His
1405 3647 1571 3712 adde
1626 3648 1832 3714 verba
1884 3649 2181 3714 iubendi:
2242 3646 2497 3708 κελεύειν
2542 3645 2654 3722 (V,

492 3749 595 3827 41,
642 3750 735 3829 2),
802 3758 1089 3834 προειπεῖν
1156 3751 1308 3830 (IV,
1380 3748 1518 3831 128,
1585 3752 1671 3830 1),
1739 3752 2082 3835 ἀναγκάζειν
2149 3751 2304 3828 (IV,
2371 3749 2510 3826 125,
2568 3749 2655 3825 2),

485 3856 697 3936 χρῆναι
741 3853 899 3932 (ΙΙΙ,
931 3851 1035 3932 46,
1067 3853 1162 3936 4),
1206 3854 1606 3934 βουλεύεσθαι
1644 3856 1763 3934 (V,
1796 3854 1858 3935 8,
1891 3853 1988 3932 3).
2022 3892 2108 3901 —-
2137 3856 2321 3920 Haeo
2353 3853 2660 3936 exempla

673 4092 712 4154 ι)
751 4091 887 4147 Phil.
923 4091 1089 4161 Both,
1136 4094 1207 4149 de
1252 4093 1616 4163 Antiphontis
1662 4101 1719 4149 et
1768 4094 2116 4165 Thucydidis
2161 4109 2368 4163 genere
2420 4090 2658 4158 dicendi,

496 4176 717 4232 dissert.
754 4177 1172 4247 Marburgensis
1210 4181 1386 4249 (1875)
1422 4196 1556 4249 pag.
1591 4181 1674 4236 41.
