3088 4580
2557 221 2634 288 19

477 410 712 494 legatis
764 410 1121 475 habendae.
1213 410 1689 476 Hermocrates
1746 432 1949 493 quum
2004 410 2382 494 eloquentia
2425 409 2637 474 Athe-

477 514 740 578 nienses
784 514 1070 578 multum
1105 521 1442 596 praestare
1488 513 1666 578 haud
1697 515 2053 597 ignoraret,
2098 513 2271 581 nihil
2301 513 2637 596 antiquius

477 616 710 681 habuit
754 638 950 699 quam
994 625 1073 681 ut
1104 617 1288 699 prior
1318 617 1638 681 orationis
1684 623 2081 700 potestatem
2123 617 2635 682 nancisceretur.

474 719 571 783 Et
616 720 915 803 profecto
962 718 1226 802 quidem
1256 718 1325 783 id
1369 720 1544 803 quod
1590 719 1896 803 cupiebat
1925 727 2264 784 assecutus
2294 728 2415 798 est,
2463 728 2530 784 et
2563 728 2640 784 ut

477 825 660 909 prior
706 822 914 889 verba
941 823 1186 887 faceret
1216 823 1278 886 ei
1317 824 1616 908 contigit.
1688 826 2012 888 Attamen
2040 822 2212 887 hanc
2242 823 2641 887 anteriorem

479 926 1055 991 ratiocinationem
1109 926 1450 1009 aptissime
1501 947 1586 991 ex
1641 932 1865 991 mente
1922 924 2494 1010 Syracusanorum
2560 926 2640 990 ab

481 1037 742 1093 oratore
800 1027 1128 1113 prolatam
1179 1029 1253 1093 in
1305 1029 1501 1093 initio
1556 1029 1714 1113 poni
1768 1037 2289 1093 consentaneum
2333 1036 2453 1107 est,
2506 1051 2633 1113 quo

482 1153 675 1197 causa
732 1131 986 1216 legatos
1042 1153 1321 1216 propere
1387 1133 1701 1198 mittendi
1768 1132 2174 1197 luculentius
2243 1132 2639 1197 illustretur.

479 1235 564 1299 In
641 1235 992 1319 participio
1062 1234 1381 1316 μέλλοντας
1446 1236 1552 1303 vis
1598 1235 2056 1320 ‚hypothetica
2128 1237 2387 1301 occulta
2450 1236 2634 1301 latet.

479 1338 865 1403 Periculum
919 1339 1140 1422 ipsum
1204 1350 1366 1405 tunc
1420 1340 1627 1404 fuisse
1685 1339 2023 1404 sublatum
2092 1340 2228 1403 iam
2281 1339 2632 1423 participio

480 1442 708 1506 aoristi
754 1441 1058 1514 δείσαντες
1112 1444 1274 1508 satis
1328 1443 1497 1507 mihi
1542 1443 1987 1508 demonstrari
2031 1443 2320 1508 videtur.
2410 1443 2644 1525 Itaque

480 1546 928 1611 coniecturam
951 1545 1282 1630 Kruegeri
1313 1545 1596 1612 ἐλθόντας
1622 1556 1698 1611 ut
1728 1567 2288 1631 supervacaneam
2317 1545 2644 1629 repellen-

386 1691 391 1697 -
481 1648 632 1712 dam
676 1668 822 1712 esse
873 1668 1125 1712 censeo,

657 1749 994 1832 Quattuor
1038 1758 1297 1815 restant
1326 1751 1475 1830 loci,
1521 1773 1808 1835 quorum
1844 1751 1974 1816 duo
2008 1751 2426 1841 negationem
2459 1771 2643 1835 aper-

483 1863 640 1934 tam,
708 1854 837 1919 duo
904 1853 1194 1918 abditam
1262 1854 1586 1920 exhibent
1652 1855 1736 1932 V,
1815 1853 1910 1933 10,
1977 1853 2017 1920 3
2030 1882 2047 1936 3
2109 1854 2270 1933 VII,
2329 1854 2430 1933 50,
2492 1854 2534 1919 4
2579 1863 2685 1920 et·

482 1958 576 2038 ΙΙ,
624 1955 726 2035 53,
775 1956 843 2037 3;
904 1956 1063 2033 VII,
1122 1954 1225 2032 28,
1286 1954 1346 2021 3.
1446 1958 1591 2021 Iam
1639 1979 1840 2041 supra
1896 1959 1966 2022 in
2012 1958 2176 2023 locis
2219 1959 2274 2037 I,
2332 1956 2435 2036 39,
2494 1957 2534 2023 2
2579 1967 2647 2023 et

484 2058 586 2139 68,
618 2058 1054 2125 2-t1aetandjs
1104 2057 1394 2123 vidimus
1425 2060 1804 2125 infinitivos
1836 2061 2268 2126 antecedente
2296 2061 2648 2146 negatione

484 2185 703 2228 merae
759 2162 1080 2246 temporis
1139 2162 1678 2228 determinationi
1733 2164 2081 2229 inservire.
2170 2162 2425 2227 Eadem
2476 2164 2646 2228 ratio

486 2266 732 2349 optime
785 2266 859 2330 in
913 2265 1074 2331 haec
1126 2266 1432 2351 exempla
1475 2266 1810 2350 quadrat.-
1865 2265 2383 2332 Consideremus
2427 2266 2649 2332 locum

487 2369 645 2447 VII,
695 2368 797 2449 28,
844 2367 914 2437 3⁴:
962 2368 1028 2436 ἐς·
1067 2372 1375 2451 φιλονικίαν
1414 2370 1795 2431 καθέστασαν
1833 2369 2095 2453 τοιαύτην
2126 2370 2188 2453 ἣν
2218 2372 2341 2453 ιφέν
2370 2370 2649 2450 γενέσθαι

484 2472 787 2555 ἠπίστησεν
833 2471 901 2532 ἄν
945 2496 1031 2540 τις
1071 2472 1348 2540 ἀκούσας’.
1438 2475 1722 2559 Negatio
1764 2474 1834 2538 in
1869 2474 2075 2539 verbo
2106 2457 2372 2534 ‹inmeJu'
2390 2473 2649 2538 occulta

483 2584 600 2642 est.
693 2576 1152 2643 Memorabilis
1221 2578 1347 2642 hoc
1411 2577 1558 2642 loco
1626 2587 1729 2642 est
1784 2578 2166 2642 infinitivus
2225 2576 2521 2661 pendens
2565 2577 2645 2641 ab

482 2679 845 2745 indicativo
913 2681 1148 2746 aoristi
1217 2701 1364 2745 eum
1435 2679 1502 2740 ἄν
1559 2681 1891 2764 particula
1946 2682 2321 2746 coniuncte.
2411 2679 2644 2743 Nihilo

484 2784 697 2847 secius
754 2784 1136 2848 infinitivus
1192 2805 1335 2847 rem
1393 2806 1551 2849 vere
1607 2785 1848 2849 factam
1906 2784 2244 2866 exprimit.
2347 2782 2648 2865 Namque

485 2884 885 2949 antecedunt
934 2885 1137 2950 verba
1197 2885 1264 2950 ἐς
1303 2888 1611 2966 φιλονικίαν
1656 2886 2054 2954 καθέστασαν,
2112 2906 2277 2968 quae
2323 2885 2649 2948 actionem

486 2985 813 3050 infinitivi
858 2986 1218 3068 perfectam
1262 2987 1396 3051 iam
1439 3009 1583 3051 esse
1629 2989 1791 3055 satis
1823 2988 2303 3053 demonstrant.
2397 2986 2648 3053 Sensus

487 3097 615 3153 est:
674 3096 862 3153 tanto
925 3089 1235 3153 vincendi
1262 3133 1266 3137 Δ
1291 3089 1524 3155 ardore
1571 3090 2086 3174 abripiebantur,
2135 3098 2457 3173 quantum
2502 3091 2650 3154 fieri

485 3214 698 3286 posse,
745 3193 1217 3276 priusquam
1261 3216 1344 3258 re
1390 3216 1589 3258 vera
1640 3195 1908 3259 factus
1963 3203 2086 3260 est
2132 3194 2281 3276 (πρὶν
2324 3192 2647 3275 γενέσθαι),

486 3297 606 3361 vix
652 3296 998 3379 quisquam
1046 3296 1452 3362 credidisset.
1512 3297 1934 3363 ‘Simillimus
1966 3307 2069 3362 est
2097 3298 2282 3362 locus
2315 3298 2406 3374 II,
2443 3294 2545 3375 53,
2578 3295 2648 3362 3:

489 3395 699 3480 ἄδηλον
754 3400 999 3480 νομίζων
1057 3400 1126 3458 εἰ-
1165 3401 1287 3481 πρὶν
1351 3397 1442 3460 ἐπ’
1500 3399 1644 3461 αὐτὸ
1701 3399 1890 3461 ἐλθεῖν
1950 3402 2438 3485 διαφθαρήσεται.
2538 3403 2652 3467 In-

489 3508 744 3566 certum
785 3501 973 3579 illud,
1020 3501 1195 3585 quod
1224 3503 1297 3567 in
1331 3490 1691 3569 enuntiato
1713 3503 1795 3568 ab
1841 3506 1896 3565 εἰ
1935 3506 2283 3590 incipienti
2327 3507 2521 3584 inest,
2569 3507 2651 3571 ad

486 3605 902 3672 infinitivum
967 3627 1105 3670 non
1171 3607 1477 3690 pertinet.
1597 3608 1835 3690 Itaque
1910 3608 2413 3675 coniunctivum
2485 3606 2648 3693 ἔλθῃ,

486 3731 681 3791 quem
741 3710 1052 3774 nonnulli
1109 3709 1355 3775 habent
1401 3710 1677 3789 codices,
1733 3711 2148 3795 repellemus.
2245 3710 2322 3777 Si
2360 3734 2435 3775 ea
2486 3734 2651 3795 quae

485 3834 688 3897 supra
755 3812 836 3878 de
910 3811 1166 3878 duobus
1231 3814 1727 3878 infinitivorum
1803 3814 2156 3898 generibus
2226 3816 2651 3897 exposuimus

487 3919 558 3982 in
631 3920 1021 3983 memoriam
1104 3937 1512 3995 revocamus,
1599 3917 1792 3981 facile
1858 3916 2201 4000 apparebit
2278 3917 2655 3981 huiusmodi

487 4022 859 4088 infinitivos
906 4021 1088 4088 omni
1135 4022 1505 4086 sententiae
1551 4022 1902 4105 primariae
1949 4021 2292 4084 dominatu
2336 4019 2651 4084 liberatos

490 4145 607 4210 per
662 4146 734 4190 se
799 4134 1122 4193 constare.
1228 4126 1506 4191 Duobus
1567 4147 1733 4211 quae
1787 4115 2045 4189 restant
2100 4121 2428 4204 ,exemplis
2484 4120 2653 4182 hanc
