3088 4580
525 281 608 347 56

525 471 950 549 servarent,¹)
1029 477 1145 535 aut
1217 474 1294 536 ut
1363 479 1761 535 conservata
1829 469 1896 530 ἄν
1961 471 2289 555 particula
2354 471 2689 557 duplicem

525 574 1025 640 coniunctivum
1054 574 1476 650 effice1·ent.²)
1568 573 1990 657 Quamquam
2013 575 2237 641 Lueth
2269 576 2394 641 sub
2426 579 2684 643 exitum

523 678 1007 743 dissertationis
1053 699 1228 756 suae,
1275 677 1391 743 ubi
1438 678 1662 742 locum
1694 679 2139 761 Antiphontis
2170 679 2458 744 similem
2482 669 2685 760 V,³34

525 782 859 859 tractavit,
937 803 1020 846 ne
1092 782 1163 845 in
1231 781 1709 864 Xenophontis
1796 780 2061 863 quidem
2128 782 2272 847 loco
2329 783 2684 866 quidquam

524 882 916 949 mutandum
962 904 1106 949 esse
1150 882 1354 961 addit,
1416 894 1659 962 tamen,
1716 907 1878 950 num
1923 884 2324 969 Xenophon,
2384 887 2500 969 qui
2543 890 2686 970 qui-

526 986 674 1050 dem
740 988 1191 1071 maximopere
1258 1007 1559 1051 normam
1627 987 1886 1053 dicendi
1958 987 2301 1073 vulgarem
2366 991 2685 1072 sequitur,

526 1089 939 1157 structuram
977 1091 1146 1156 hanc
1190 1091 1596 1175 singularem
1645 1090 1715 1154 in
1772 1112 1966 1155 suum
2013 1112 2205 1156 usum
2257 1094 2685 1171 converterit,

529 1193 718 1260 valde
763 1193 1011 1260 dubito.
1102 1193 1432 1276 Equidem
1477 1214 1630 1258 cum
1679 1191 1974 1277 Sauppio
2032 1194 2493 1259 coniunctivos
2539 1195 2686 1279 πέσῃ

525 1305 593 1361 ct
637 1297 847 1381 τρωθῇ
879 1297 1265 1381 praeferam,
1313 1299 1707 1381 praesertim
1738 1318 1943 1379 quum
1987 1297 2148 1360 haec
2192 1295 2582 1375 emendatiO,
2630 1298 2687 1361 si

526 1400 824 1465 codicum
868 1402 1269 1485 scripturam
1314 1402 1724 1485 respicimus,
1772 1401 2092 1465 facillima
2121 1401 2224 1464 sit.
2323 1400 2480 1465 Alio
2512 1401 2684 1465 eius-

526 1505 674 1569 dem
720 1504 874 1568 libri
920 1505 1065 1570 loco
1112 1505 1327 1588 primo
1374 1514 1647 1587 aspectu
1695 1504 1884 1569 facile
1939 1504 2267 1586 quispiam
2314 1504 2684 1587 suspicetur

526 1606 804 1671 eundem
843 1607 1218 1690 optativum
1263 1627 1409 1671 cum
1444 1605 1513 1666 ἄν
1551 1607 1877 1691 particula
1907 1607 2352 1671 consociatum
2383 1615 2533 1690 post
2563 1607 2685 1688 vqoe'v

527 1711 1061 1776 coniunctionem
1105 1710 1397 1776 inveniri
1444 1711 1538 1787 ΙΙ,
1574 1708 1631 1787 3,
1666 1708 1749 1776 48
1798 1709 1949 1792 (ἐγὼ
1995 1708 2054 1769 δ’
2102 1707 2152 1769 ὦ
2187 1709 2401 1791 Ιιριτιά,
2449 1708 2692 1775 ἐκείνοις

522 1813 631 1895 μὲν
699 1814 804 1874 ἀεί
856 1835 998 1875 ποτε
1063 1815 1304 1895 πολεμῶ
1365 1820 1486 1880 τοῖς
1562 1813 1630 1873 οὐ
1697 1814 1955 1897 πρόσθεν
2017 1812 2306 1894 οἰομένοις·
2374 1813 2547 1894 καλὴν
2620 1811 2689 1872 ἂν

526 1918 916 2000 δημοκρατίαν
946 1916 1104 2001 εἶναι,
1136 1918 1259 2000 ηοὶν
1282 1916 1350 1978 ἂν
1375 1918 1727 2000 ἀποδόμενοι
1751 1917 1845 1998 τὴν
1876 1918 2027 1977 πόλιν
2051 1917 2315 2000 δραχμῆς
2329 1915 2690 2000 μετέχοιεν).

531 2019 664 2086 Sed
710 2021 1193 2086 sententiarum
1238 2021 1564 2085 rationem
1611 2021 1986 2085 accuratius
2021 2018 2499 2102 contemplanti
2530 2039 2687 2083 mox

527 2123 871 2209 apparebit
934 2123 1107 2188 illud
1174 2121 1243 2183 ἄν
1302 2145 1450 2189 cum
1521 2124 1872 2208 participio
1929 2122 2280 2204 ἀποδόμενοι
2334 2123 2689 2206 potestatis

527 2227 999 2294 condicionalis
1046 2227 1519 2313 significandae
1567 2249 1762 2294 causa
1805 2226 2340 2312 coniungendum
2382 2246 2545 2292 esse.

703 2331 777 2397 Si
811 2332 890 2396 de
920 2339 1217 2416 tempore
1249 2333 1579 2397 enuntiati
1614 2353 1653 2398 a
1681 2334 1806 2416 πρίν
1838 2332 2304 2397 coniunctione
2335 2329 2689 2414 pendentis

527 2435 923 2519 quaerimus,
971 2443 1047 2498 ut
1078 2435 1497 2519 Thucydides
1527 2457 1662 2501 uno
1692 2436 1837 2501 loco
1868 2442 2146 2519 excepto
2177 2435 2300 2513 VI,
2334 2431 2436 2513 38,
2480 2433 2541 2514 2,
2574 2434 2691 2500 ubi

529 2538 995 2603 coniunctivus
1040 2538 1408 2620 praesentis
1466 2535 1626 2620 ὦμεν
1681 2539 1987 2617 occurrit,
2051 2559 2311 2621 semper
2367 2539 2688 2603 aoristum

528 2641 817 2719 adhibet,
863 2642 960 2705 sic
990 2641 1189 2705 etiam
1218 2640 1601 2725 Xenophon
1630 2642 1864 2706 aoristi
1893 2640 2120 2705 modos
2162 2640 2470 2724 praefert.
2547 2640 2610 2705 N
2612 2660 2685 2704 ec

528 2766 762 2811 revera
807 2744 1020 2809 ullum
1064 2743 1244 2809 aliud
1274 2752 1538 2828 tempus
1570 2752 2051 2828 exspectamus,
2098 2745 2409 2826 quoniam
2453 2741 2682 2808 modus

529 2848 859 2913 enuntiati
914 2847 1290 2912 secundarii
1341 2847 1706 2913 latinorum
1757 2847 1985 2913 futuro
2029 2856 2262 2912 exacto
2310 2845 2682 2932 respondet.

533 2950 712 3031 Quid
757 2971 918 3015 vero
965 2949 1255 3016 dicemus
1318 2949 1398 3015 de
1455 2950 1672 3016 tribus
1719 2951 1901 3030 lociS,
1965 2954 2078 3035 qui
2137 2952 2455 3036 temporis
2502 2972 2689 3034 prae-

531 3054 739 3119 sentis
795 3053 1025 3118 modos
1083 3052 1450 3136 praebent?
1538 3055 1641 3119 Ac
1694 3054 1984 3138 primum
2040 3055 2306 3138 quidem
2350 3053 2492 3136 Κυρ.
2537 3054 2689 3113 παιδ.

530 3157 623 3233 ΙΙ,
670 3154 730 3233 2,
775 3153 818 3221 8
861 3156 1132 3240 legitur:
1193 3155 1346 3217 εἷπον
1373 3161 1377 3165 '
1387 3156 1613 3239 μηδένα
1658 3161 1772 3218 τῶν
1816 3157 2054 3220 ὄπισθεν
2097 3158 2394 3229 κινεῖσθαι,
2450 3157 2573 3238 τςοὶν
2619 3155 2688 3216 ἂν

531 3260 564 3317 ὁ
610 3258 867 3340 πρόσθεν
910 3258 1126 3340 ἡγῆται.
1218 3257 1348 3323 Sed
1382 3258 1491 3325 hic
1523 3260 1990 3325 coniunctivus
2021 3260 2220 3342 ἡγῆται
2246 3282 2379 3324 non
2425 3279 2498 3321 re
2532 3279 2690 3323 vera

531 3370 634 3426 est
697 3365 1084 3446 praesentis.
1186 3362 1567 3447 Xenophon
1634 3384 1839 3446 quum
1901 3362 1971 3426 in
2039 3362 2189 3426 aliis
2260 3362 2479 3426 verbis
2538 3382 2689 3444 pro·
2785 3371 2790 3376 '

530 3465 887 3542 ficiscendi,
935 3475 1079 3532 tum
1124 3468 1506 3551 saepissime
1551 3467 1624 3530 in
1669 3463 1873 3529 verbo
1918 3463 2183 3545 ἡγεῖσθαι
2225 3456 2688 3548 imperfectum

531 3567 876 3650 ἀοριστικῶς
916 3591 1234 3654 usurpare
1279 3569 1480 3648 solet3
1526 3569 1733 3646 (locos
1780 3564 1888 3627 Ἀν.
1931 3566 2023 3644 ΙΙ,
2067 3566 2126 3646 2,
2173 3565 2243 3646 8;
2299 3568 2421 3646 IV,
2477 3569 2530 3645 1,
2585 3569 2661 3633 15
2673 3591 2689 3647 ;

532 3670 617 3748 V,
679 3669 739 3749 2,
799 3671 867 3750 6;
929 3668 1081 3732 Ἕλλ.
1139 3673 1263 3751 VI,
1331 3674 1391 3751 5,
1449 3671 1522 3737 21
1589 3671 1966 3737 nominasse
2033 3671 2196 3734 satis
2252 3668 2410 3752 erit)
2466 3672 2690 3752 itaque

532 3774 997 3840 coniunctivus
1043 3776 1410 3858 praesentis
1454 3774 1655 3856 ἡγῆται
1697 3774 1886 3855 quasi
1930 3774 2162 3839 aoristi
2194 3773 2482 3839 vicarius
2528 3793 2689 3854 quo-

532 3877 752 3940 minus
826 3878 1166 3943 notionem
1238 3877 1449 3943 futuri
1522 3879 1738 3943 exacti
1815 3876 2068 3955 induat,
2145 3871 2346 3941 nihil'
2387 3875 2683 3960 impedit.

709 4111 747 4174 1)
786 4111 867 4165 (Yf.
907 4112 1042 4164 Lud.
1078 4109 1353 4165 Dindorfii
1391 4112 1521 4166 edit.

706 4196 748 4262 2)
786 4197 867 4250 Cf.
903 4198 1147 4265 Satippe,
1186 4199 1542 4265 quaestiones
1579 4199 1852 4268 Xenoph„
1889 4214 2018 4267 pag.
2059 4200 2103 4256 7.
