3088 4580
459 246 546 317 40

460 439 574 522 qui
619 438 750 516 III,
804 436 944 517 104,
991 436 1030 501 7
1076 438 1149 501 in
1193 436 1536 502 enuntiato
1583 436 1900 519 primario
1945 435 2310 513 invenitur,
2357 434 2625 519 regulae

461 551 729 609 nostrae
773 541 1090 607 reluctari
1132 539 1418 606 videtur.
1523 538 1752 603 Verba
1794 546 1954 605 sunt
1997 538 2187 604 haec:
2264 538 2337 598 τὰ
2381 536 2453 598 δὲ
2496 540 2627 620 περὶ

462 629 617 712 τοὺς(
639 647 874 726 ἀγῶνας·
925 645 1022 705 καὶ
1064 644 1137 704 τὰ
1180 646 1414 704 πλεῖστα
1457 639 1747 724 κατελύθη
1792 642 1899 703 ὑπὸ
1945 640 2280 724 ξυμφορῶν,
2326 639 2412 707 ὡς·
2453 641 2625 711 εἰκός,

461 750 585 832 πρὶν
640 749 710 830 δὴ
770 750 827 808 οῖ
880 745 1164 830 Ἀθηναῖοι
1218 747 1352 806 τότε
1407 745 1504 805 τὸν
1561 745 1761 825 ἀγῶνα
1815 742 2106 827 ἐποίησαν.
2201 743 2623 827 Thucydides

460 873 582 936 pro
615 851 959 916 ‘brevitate
1005 847 1267 915 dicendi
1296 847 1748 913 narrationem
1794 848 1955 913 sacti
1998 855 2067 913 et
2111 847 2625 931 descriptionem

462 961 675 1019 status
706 954 820 1036 qui
850 953 1100 1018 factum
1131 952 1431 1034 sequitur
1461 972 1595 1015 uno
1625 950 1832 1017 verbo
1869 948 2157 1032 κατελύθη
2187 950 2620 1035 conglutinat.

460 1056 616 1122 Non
681 1055 878 1122 modo
937 1055 1155 1120 dicere
1222 1054 1374 1121 vult
1440 1054 1807 1119 certamina
1872 1054 2152 1134 sublata,
2221 1053 2336 1119 sed
2400 1056 2623 1139 potius

460 1159 654 1226 ludos
723 1182 861 1225 non
923 1160 1056 1223 iam
1134 1158 1498 1224 celebratos
1577 1178 1739 1223 esse.
1844 1156 2233 1223 Absurdum
2297 1179 2457 1223 sane
2522 1168 2624 1223 cst

459 1263 853 1329 scholiastae
906 1261 1249 1327 cuiusdam
1302 1262 1649 1346 glossema,
1709 1262 1825 1344 qui
1877 1267 2156 1327 annotat
2209 1261 2332 1342 πρὶν
2376 1265 2619 1344 ποιῆσαι,

460 1368 781 1433 Attamen
828 1366 1238 1431 occasionem
1270 1364 1462 1430 nobis
1494 1364 1690 1430 offert
1721 1363 1882 1430 duas
1928 1371 2299 1430 structuras
2343 1364 2523 1429 inter
2552 1385 2622 1430 sc

459 1467 905 1555 comparandi.
1017 1467 1320 1550 Namque
1395 1468 1779 1534 infinitivus
1858 1468 1985 1533 hoc
2057 1468 2203 1533 loco
2284 1466 2621 1533 adhibitus

460 1573 662 1638 totius
728 1570 981 1655 periodi
1048 1572 1374 1636 rationem
1440 1577 1876 1654 perverteret.
1991 1569 2242 1637 Sensus
2309 1571 2447 1635 fere
2511 1570 2622 1637 hic

457 1675 813 1742 evaderetz'
884 1673 1249 1739 certamina
1312 1673 1628 1758 pleraque
1694 1673 1959 1743 sublata
2017 1681 2194 1754 sunt,
2268 1683 2621 1757 antequam

456 1777 907 1845 Athenienses
936 1775 1128 1842 ludos
1157 1776 1609 1842 instituerent.
1701 1777 1871 1843 Tota
1925 1777 2235 1862 periodus
2266 1778 2389 1843 hac
2431 1779 2505 1842 in
2550 1801 2621 1844 re

456 1888 850 1960 verteretur,
908 1902 1036 1963 quo
1082 1889 1380 1965 tempore
1436 1881 1802 1946 certamina
1845 1880 2107 1946 sublata
2150 1889 2393 1947 essent.
2495 1880 2621 1948 Sin

456 1994 680 2050 autem
752 1983 1160 2049 indicativus
1225 1991 1468 2063 exstat,
1541 1984 1800 2068 periodi
1872 1992 2070 2068 caput
2141 1985 2214 2048 in
2288 1986 2622 2051 sententia

454 2087 821 2172 posteriorc
866 2087 1185 2153 cernitur.
1275 2087 1524 2173 Magna
1567 2085 1878 2152 ludorum
1920 2087 2414 2152 intermissione
2447 2089 2622 2154 facta

455 2189 913 2257 Athenienses
958 2211 1071 2255 eos
1115 2190 1579 2256 restituerunt.

626 2294 858 2377 Neque
890 2294 1101 2359 solum
1138 2316 1396 2359 conexu
1425 2294 1906 2360 sententiarum
1938 2293 2226 2374 adducti,
2274 2295 2389 2360 sed
2419 2296 2619 2361 etiam

456 2398 804 2483 particulis
849 2399 1148 2462 externis
1213 2399 1402 2481 quasi
1456 2396 1722 2462 indiciis
1767 2397 1874 2462 usi
1916 2397 2089 2462 hanc
2131 2398 2621 2482 interpretandi

456 2501 637 2567 viam
680 2500 970 2565 iniimus.
1061 2500 1214 2566 Nisi
1258 2502 1431 2567 forte
1476 2501 1880 2567 arbitramur
1924 2521 2080 2566 casu
2125 2501 2408 2583 quodam
2452 2503 2620 2567 acci-

458 2604 652 2682 disse,
711 2610 786 2668 ut
839 2624 1100 2688 semper
1155 2605 1293 2670 fere
1350 2604 1732 2687 (quinquies
1789 2604 1969 2668 inter
2028 2626 2147 2669 sex
2204 2604 2357 2669 illos
2412 2606 2621 2681 locos)

457 2707 787 2792 particula
829 2709 915 2789 δὴ·
947 2708 1400 2778 coniunctioni
1444 2709 1569 2791 πρίν
1598 2706 1824 2772 addita
1866 2708 1974 2773 sit.
2066 2706 2252 2787 Quae
2295 2709 2623 2792 particula

456 2833 661 2895 quum
704 2812 846 2878 vim
891 2812 1131 2878 habeat
1182 2811 1608 2890 intensivam,
1666 2811 2069 2876 sententiam
2122 2811 2621 2876 antecedentem

458 2935 729 2998 prorsus
773 2914 1149 2980 absolutam
1191 2922 1387 2998 atque
1431 2915 1630 2979 aliam
1662 2914 1892 2980 statim
1920 2914 2232 2997 subsequi
2265 2914 2616 2998 significat.

456 3018 692 3102 Itaque
734 3019 1163 3102 praecipuum
1208 3016 1430 3083 locum
1476 3018 1547 3081 in
1591 3017 1863 3101 apodosi
1902 3017 2324 3102 periodorum
2368 3026 2622 3100 tempo-

461 3122 706 3186 ralium
753 3121 1031 3187 obtinet.
1047 3123 1089 3197 ¹)
1174 3122 1360 3186 Haec
1403 3121 1576 3186 ratio
1633 3122 1834 3186 etiam
1887 3121 1959 3185 in
2016 3142 2091 3186 eo
2147 3122 2227 3187 de
2271 3141 2400 3202 quo
2443 3140 2622 3184 nunc

458 3224 717 3309 agimus
762 3245 888 3288 usu
934 3224 1245 3288 cernitur.
1336 3224 1614 3288 Etenim
1658 3222 2082 3288 enuntiatum
2127 3246 2166 3288 a
2194 3224 2453 3289 voculis
2499 3223 2622 3305 πρὶν

458 3327 530 3409 δή
574 3326 901 3409 incipiens
946 3333 1275 3410 potestate
1319 3327 1535 3392 utitur
1579 3327 1956 3411 apodoseos.
2047 3327 2282 3410 Itaque
2335 3326 2504 3392 illud
2549 3326 2621 3406 δή

458 3450 664 3512 quum
692 3428 872 3508 alibi,
906 3437 1049 3494 tum
1079 3429 1163 3494 iis
1193 3429 1356 3494 locis
1387 3436 1618 3512 aptum
1648 3428 1936 3507 videtur,
1960 3430 2033 3494 in
2063 3429 2303 3512 quibus
2336 3430 2624 3514 scriptor

457 3529 678 3596 studio
752 3533 1070 3596 narrandi
1142 3532 1454 3615 abreptus
1542 3552 1854 3614 praesens
1930 3532 2325 3599 historicum
2399 3534 2620 3618 ponit;

457 3643 773 3718 tanquam
818 3634 875 3699 si
919 3635 1258 3700 notionem
1301 3634 1664 3718 praeteriti,
1729 3657 1895 3719 quae
1959 3638 2327 3721 praesentis
2373 3636 2622 3701 formae

458 3737 663 3817 deest,
693 3736 1022 3821 particula
1050 3738 1121 3821 δή
1152 3738 1456 3824 apposita
1484 3739 1795 3823 supplere
1827 3741 2012 3807 velit.
2092 3739 2195 3809 cf.
2228 3741 2390 3819 VII,
2421 3736 2526 3818 39,
2560 3739 2618 3807 2.

458 3841 606 3906 Hoc
649 3841 844 3906 modo
890 3842 1136 3907 factum
1184 3848 1306 3918 est,
1363 3848 1441 3906 ut
1484 3842 1689 3906 etiam
1729 3843 1824 3907 111τ
1847 3864 1957 3909 eas
2002 3851 2395 3922 structuras,
2454 3863 2621 3926 quae

457 3951 611 4029 post
653 3945 1055 4010 sententiam
1099 3947 1481 4031 negativam
1522 3944 1965 4013 indicativum
1995 3946 2334 4025 exhibent,
2383 3947 2623 4014 vocula

633 4164 675 4231 ¹)
712 4162 795 4220 Cf.
831 4164 900 4219 Κ.
936 4164 1024 4219 W.
1061 4163 1338 4236 Kruegcri
1375 4163 1596 4221 Griech.
1634 4164 1886 4237 Sprachl.
1925 4171 1955 4232 ἓ
1992 4166 2074 4235 65,
2111 4166 2158 4219 9.
