3088 4580
437 212 520 278 24

439 401 691 484 ἄριστον,
735 401 1016 479 βασιλεὺς
1055 399 1286 483 ἐφάνη).
1376 398 1552 464 Vide
1607 421 1691 464 ne
1746 399 1916 464 illud
1958 399 2071 482 γὰρ
2118 398 2190 480 δή
2246 399 2327 465 ad
2374 400 2600 465 infini-

438 508 658 572 tivum
701 506 966 572 referas,
1059 505 1429 572 Commune
1475 512 1580 570 est
1619 505 1827 570 totius
1858 504 2113 589 periodi
2156 526 2231 568 ac
2260 506 2472 590 magis
2518 505 2602 570 ad

439 610 767 675 actionem
821 610 1206 693 primariam
1260 609 1574 693 pertinet.
1680 608 1871 673 Nihil
1915 607 2345 672 memorabile
2401 609 2601 674 habet

437 713 622 777 locus
658 711 792 773 Ἱππ.
835 712 897 790 4,
945 712 1005 791 7,
1050 712 1166 778 ubi
1210 712 1590 778 infinitivus
1620 712 1899 796 perfecti
1938 708 2328 793 μεμεληκέναι
2369 713 2600 790 anteit,

437 819 681 904 quippe
726 821 833 884 cui
877 817 1247 903 praesentis
1289 816 1475 880 notio
1519 816 1704 881 insit.
1750 851 1835 862 --
1880 815 2111 882 Merus
2156 819 2389 883 aoristi
2431 817 2603 882 indi-

439 924 700 988 cativus
759 921 1107 989 invenitur
1160 920 1232 984 in
1288 918 1637 983 enuntiato
1693 941 1774 1003 pr
1775 919 2013 984 imario
2069 921 2235 985 loeis
2294 921 2602 987 undecim

437 1022 940 1105 (’.ΑνΙ,,;413
1000 1020 1323 1103 Ι,,,416
1378 1020 2602 1105 V1,·51V1.‚5‚;5V117,;46

424 1126 964 1207 (.,,,ΕλλΙ410
1033 1123 1374 1205 I,7,35;
1439 1073 1843 1205 IV„221;
1914 1125 2601 1209 Kopwn111360

438 1233 523 1311 V,
585 1229 646 1310 3,
705 1228 816 1311 30,
872 1229 1071 1306 VIII,
1119 1225 1178 1305 3,
1227 1226 1359 1304 22.)
1455 1227 1577 1292 Bis
1632 1177 1879 1313 legitlir
1935 1230 2173 1296 aoristi
2221 1232 2602 1297 infinitivus

438 1334 733 1418 pendens
779 1355 817 1398 a
864 1331 1065 1398 verbo
1112 1329 1375 1395 dicendi
1409 1326 1515 1402 Ἀν.
1563 1331 1684 1410 IV,
1718 1329 1778 1410 3,
1818 1331 1895 1397 12
1940 1340 2008 1397 et
2028 1331 2260 1416 Ἀπομν.
2302 1335 2356 1412 Ι,
2405 1333 2463 1413 2,
2499 1333 2600 1400 40.

439 1438 665 1502 Paene
732 1436 814 1501 ad
882 1457 1151 1501 sensum
1218 1434 1606 1499 aoristicum
1671 1434 1924 1501 accedit
1997 1436 2457 1521 imperfectum
2533 1438 2601 1502 in

441 1539 667 1605 verbis
712 1536 1180 1623 proficiscendi
1215 1535 1330 1597 Ἀν.
1377 1535 1537 1616 VII,
1608 1537 1667 1616 7,
1729 1540 1768 1603 5
1825 1538 2266 1623 (πορεύεσθαι),
2322 1539 2455 1601 Ἑλλ.
2509 1542 2602 1618 ΙΙ,

438 1642 500 1722 4,
525 1641 608 1707 25
635 1640 928 1721 (ἐξιέναι),
965 1641 1105 1721 Kos).
1137 1640 1292 1701 παιὸ.
1323 1640 1416 1720 ΙΙ,
1442 1639 1503 1719 2,
1528 1641 1568 1705 4
1599 1640 1939 1726 (οἶχε-σθαι).
2000 1642 2192 1708 Adde
2220 1644 2606 1728 imperfecta

439 1745 631 1812 verbi
673 1744 815 1806 εἶναι
869 1743 984 1809 Ἀν.
1032 1744 1157 1823 VI,
1213 1744 1275 1823 5,
1321 1745 1359 1807 5
1406 1742 1633 1826 (ἦσαν),
1689 1742 1840 1805 Ἐλλ.
1887 1743 1972 1825 V,
2033 1744 2089 1823 1,
2134 1743 2216 1812 33
2261 1751 2601 1830 (παρῆσαν),

441 1849 579 1930 Κυρ.
628 1849 779 1909 παιδ.
823 1847 1022 1925 VIII,
1080 1846 1140 1925 4,
1204 1844 1272 1911 11
1337 1851 1593 1929 (παρῆν).
1681 1847 1938 1912 Eodem
1995 1849 2188 1914 modo
2243 1872 2313 1914 se
2358 1850 2606 1914 habent

439 1950 815 2034 praesentia
856 1949 1176 2015 historica
1209 1946 1326 2009 Ἀν.
1372 1949 1493 2029 IV,
1546 1949 1601 2029 1,
1649 1950 1707 2029 7,
1754 1951 1877 2029 IV,
1925 1953 1986 2030 5,
2038 1950 2145 2031 19,
2213 1952 2335 2031 IV,
2384 1950 2442 2029 6,
2490 1951 2602 2036 24,

441 2055 581 2137 Κυρ.
627 2055 777 2115 παιό.
824 2053 1022 2132 VIII,
1091 2049 1163 2131 8,
1207 2051 1310 2118 25.
1413 2030 1678 2119 Merum
1744 2054 2076 2119 antecedit
2143 2033 2604 2137 imperfectum

429 2159 588 2228 ‘EM
633 2159 719 2237 V,
780 2158 840 2236 2,
896 2154 1009 2237 33,
1064 2126 1416 2241 partieipia
1472 2157 1842 2241 praesentis
1903 2157 2176 2221 notione
2233 2157 2604 2241 imperfecti

443 2261 744 2348 praedita
778 2260 890 2323 Ἀν.
935 2260 1097 2338 VII,
1148 2258 1205 2338 7,
1253 2257 1322 2339 9,
1382 2262 1493 2324 Οἶκ.
1552 2261 1646 2339 10,
1693 2259 1763 2341 8,
1809 2261 2190 2327 infinitivus
2236 2260 2606 2345 imperfecti

444 2389 483 2431 a
526 2366 797 2431 notione
842 2363 1103 2429 dicendi
1146 2362 1441 2447 pendens
1476 2362 1582 2427 Ἀν.
1628 2364 1790 2442 VII,
1837 2365 1897 2443 5,
1950 2362 2048 2430 13.
2135 2363 2363 2429 Unum
2406 2365 2606 2428 etiam

444 2468 907 2552 imperfectum
950 2466 1029 2531 de
1061 2474 1301 2532 conatu
1345 2474 1570 2532 exstat
1604 2465 1717 2527 Ἀν.
1761 2467 1847 2545 V,
1896 2466 1956 2546 6,
2004 2464 2080 2532 16
2126 2464 2364 2545 (ἐθύετο
2411 2493 2488 2521 -.--
2537 2468 2608 2530 111

446 2572 665 2635 animo
754 2570 1039 2635 habebat
1111 2591 1297 2635 sacra
1368 2570 1638 2652 facere).
1753 2569 2033 2655 Saepius
2113 2569 2196 2634 ad
2280 2570 2606 2634 actionem

445 2675 751 2739 iteratam
835 2672 1215 2739 referendus
1299 2681 1402 2739 est
1484 2675 1869 2740 infinitivus
1956 2696 1996 2738 a
2080 2673 2411 2758 particula
2485 2673 2606 2754 πρίν

445 2776 758 2864 pendens,
861 2776 1266 2859 Plerumque
1329 2777 1621 2842 occurrit
1676 2778 1995 2860 temporie
2061 2777 2432 2859 praesentis
2499 2775 2607 2839 vel

446 2881 850 2947 indicativus
898 2878 1038 2958 (Ἀν.
1096 2880 1152 2958 Ι,
1197 2876 1258 2958 8,
1312 2877 1422 2960 19,
1487 2880 1628 2965 Kop.
1675 2882 1826 2943 παιδ.
1881 2881 1976 2959 ΙΙ,
2025 2879 2083 2958 2,
2139 2879 2246 2959 10,
2299 2880 2385 2957 V,
2432 2878 2491 2957 2,
2540 2876 2608 2958 9,

450 2984 673 3067 Ἀπομν.
719 2983 814 3062 ΙΙ,
866 2981 921 3060 1,
955 2979 1057 3047 30.
1127 2981 1330 3065 Κυνηγ.
1375 2984 1434 3062 5,
1482 2983 1583 3049 27.
1648 2983 1779 3068 Ἱερ.
1824 2983 1885 3062 4,
1933 2981 2003 3062 2)
2044 2982 2156 3049 vel
2186 2983 2611 3067 participium

447 3088 615 3170 (Κυρ.
670 3087 820 3147 παιὸ.
875 3086 960 3165 V,
1027 3084 1082 3164 1,
1134 3083 1238 3164 12,
1298 3082 1522 3168 Ἀπομν.
1581 3088 1637 3165 Ι,
1695 3086 1753 3165 2,
1816 3085 1899 3151 22
1959 3093 2027 3151 et
2068 3086 2163 3164 ΙΙ,
2225 3086 2280 3163 1,
2333 3082 2444 3162 30)
2488 3086 2601 3151 Vol

448 3190 827 3255 infinitivus
876 3188 1114 3271 (Κυνηγ.
1157 3186 1218 3267 8,
1264 3186 1353 3268 6).
1447 3188 1636 3270 Quae
1679 3189 1752 3253 in
1798 3188 2121 3271 exemplis
2167 3188 2612 3273 Thucydideis

449 3292 812 3358 tractandis
843 3290 1367 3370 observavimUS,
1400 3291 1627 3357 eadem
1657 3292 1730 3356 in
1753 3290 2246 3373 Xenophontea
2267 3292 2609 3374 quadrant.

448 3394 582 3458 Hie
624 3394 738 3477 qui
780 3394 852 3457 in
894 3392 1113 3458 media
1142 3415 1366 3459 rerum
1395 3403 1731 3479 gestarum
1773 3393 2154 3458 narratione
2184 3395 2614 3460 antecedente

450 3505 746 3581 tempore
789 3496 1150 3580 praeterito
1195 3495 1434 3563 obvius
1465 3497 1547 3560 fit
1575 3496 1956 3561 infinitivus
2002 3498 2287 3581 tempori
2329 3500 2613 3564 aetionis

450 3600 801 3685 primariae
845 3598 1344 3665 determinando
1389 3599 1694 3664 inservit.
1782 3599 2013 3684 Neque
2057 3601 2265 3686 igitur
2316 3622 2613 3667 caremus

451 3705 533 3769 iis
606 3701 986 3781 infinitivis,
1073 3701 1311 3786 quibus
1384 3723 1569 3767 mera
1640 3702 1870 3769 subest
1948 3705 2134 3769 notio
2207 3705 2614 3787 temporalis,

453 3807 741 3872 Nomine
787 3803 895 3869 Ἀν.
938 3805 1064 3885 VI,
1111 3806 1171 3884 5,
1232 3805 1259 3869 1
1312 3807 1464 3889 (πρὶν
1523 3804 1594 3867 δὲ
1637 3807 1879 3890 ἀρίστου
1934 3805 2093 3890 ὥραν
2148 3806 2291 3868 εἶναι
2335 3833 2415 3863 =
2460 3815 2615 3873 ante

452 3909 832 3993 prandium)
846 3933 863 3989 3
931 3910 1073 3993 Kvp.
1129 3910 1279 3970 παιδ.
1335 3910 1422 3989 V,
1480 3908 1540 3990 3,
1600 3910 1687 3977 40
1743 3918 1811 3976 et
1855 3910 1993 3972 Ἑλλ.
2046 3910 2170 3989 VI,
2216 3908 2277 3988 4,
2323 3909 2407 3975 25
2462 3912 2614 3993 (πρὶν

450 4010 761 4075 καθεύδειν
818 4038 898 4067 --
957 4020 1309 4095 antequam
1368 4013 1667 4079 cubitum
1728 4015 1923 4091 irent,
1991 4013 2060 4078 id
2116 4020 2218 4078 est
2285 4015 2596 4098 vesperi),

443 4113 674 4198 Ἀπομν.
739 4116 794 4195 I,
862 4115 922 4195 2,
983 4115 1068 4182 40
1133 4119 1283 4201 (πρὶν
1336 4115 1547 4178 εὔεοσιν
1613 4115 1759 4177 ἐτῶν
1824 4116 1967 4178 εἶναι
2012 4141 2091 4172 ..·-=
2138 4124 2296 4183 ante
2362 4138 2615 4184 annum
