3088 4580
495 219 620 309 18⁴

486 429 920 513 restringitur
952 427 1157 510 (anno
1187 429 1408 493 minus
1438 429 1835 512 praeteriit).
1930 432 2161 514 Neque
2207 431 2420 516 magis
2465 430 2652 495 loeus

495 532 610 609 VI,
688 530 789 608 97,
865 529 904 596 3
980 553 1180 596 sensu
1253 533 1568 618 negativo
1635 533 1975 616 praeditus
2049 543 2152 598 est
2166 557 2182 613 3
2258 534 2483 593 στάδιοι
2547 533 2655 593 οὐκ

490 631 740 695 ἔλασσον
784 633 817 716 ἢ
863 633 1032 696 πέντε
1076 636 1172 695 καὶ
1238 634 1420 696 εἴκοσι
1464 635 1641 700 idem
1707 636 1893 702 valet
1959 658 2034 701 ac
2078 636 2301 697 στάδιυι
2345 636 2514 697 πέντε
2558 638 2653 696 καὶ

489 736 700 798 εἴκοσιν
757 735 938 797 αὐτοί.
1026 738 1218 803 Nihil
1275 738 1630 804 dicendum
1686 747 1788 805 est
1833 740 1915 805 de
1971 740 2116 804 loeo
2172 740 2301 817 III,
2349 738 2454 816 94,
2498 739 2540 802 4
2586 738 2653 797 οὐ

481 840 737 924 χαλεπὸν
781 838 1115 921 ἀπέφαινον,
1161 843 1284 924 πρὶν
1329 841 1752 925 ξυμβοηθῆσαι,
1797 848 2291 925 καταστραφῆναι,
2344 843 2656 925 quoniam

488 943 556 1004 οὐ
592 943 849 1027 χαλεπόν
915 943 1191 1009 eandem
1256 966 1454 1027 quam
1492 944 1698 1028 ῥᾴδιον
1749 947 1890 1012 vim
1927 946 2144 1012 habet.
2249 932 2353 1010 De
2413 945 2651 1029 ellipsi‚

487 1070 617 1132 qua
660 1048 782 1125 VI,
838 1046 934 1125 11,
989 1048 1012 1111 1
1066 1047 1427 1112 affirmatio
1472 1057 1874 1132 procreatur,
1940 1051 2071 1113 iam
2118 1069 2319 1133 supra
2362 1047 2653 1112 diximus

488 1174 634 1237 pag.
727 1151 823 1230 14,
915 1151 1030 1216 ubi
1105 1153 1306 1216 etiam
1391 1154 1717 1217 rationem
1804 1153 2101 1218 locorum
2167 1153 2222 1230 Ι,
2302 1148 2405 1229 39,
2486 1150 2525 1215 2
2587 1162 2655 1215 et

488 1257 544 1333 Ι,
579 1253 681 1334 68,
715 1254 754 1320 2
784 1256 1257 1338 exposuimus,>
1323 1254 1564 1320 Restat
1594 1255 1779 1320 locus
1810 1254 2051 1321 dubius
2082 1254 2204 1332 VI,
2238 1253 2341 1333 76,
2396 1255 2419 1318 1
2461 1253 2529 1313 οὐ
2558 1254 2654 1336 τὴν

486 1360 784 1440 παροῦσαν
815 1355 1049 1438 δύναμιν
1077 1361 1192 1418 τῶν
1223 1355 1536 1440 Ἀθηναίων
1562 1357 1642 1439 μὴ
1687 1357 1859 1439 αὐτὴν
1888 1359 2309 1440 καταπλαγῆτε,
2354 1358 2661 1423 δείσαντες

488 1460 1045 1542 ἐπρεσβευσάμεθα,
1092 1460 1236 1520 ἀλλὰ
1276 1462 1491 1541 μᾶλλον
1536 1460 1675 1526 τοὺς·
1709 1460 2030 1542 μέλλοντας
2069 1458 2166 1520 ἀπ’
2199 1460 2386 1521 αὐτῶν
2431 1461 2651 1541 λόγους,

487 1563 610 1645 πρίν
670 1586 722 1624 τι
776 1565 873 1624 καὶ
926 1564 1084 1646 ἡμῶν
1151 1564 1418 1635 ἀκοῦσαι,
1483 1563 1564 1646 μὴ
1610 1564 1761 1645 ὑμᾶς
1800 1565 2089 1624 πείσωσιν.
2181 1562 2359 1629 Sunt
2402 1565 2515 1646 qui
2560 1565 2655 1628 ita

487 1666 845 1750 explicent,
893 1676 968 1732 ut
1023 1667 1406 1733 infinitivus
1451 1668 1579 1749 πρίν
1623 1690 1673 1726 τι
1717 1668 1968 1726 α’κυῢσαι
2010 1666 2396 1731 referendus
2440 1667 2531 1731 sit
2574 1666 2653 1730 ad

493 1769 914 1835 enuntiatum
957 1771 1346 1855 negativum
1401 1770 1483 1852 μή
1527 1794 1580 1830 τι
1624 1772 1886 1831 πείσωσι.
1977 1767 2112 1835 Sed
2171 1772 2304 1834 iam
2348 1771 2658 1855 Krueger

490 1894 693 1955 quum
736 1881 1032 1939 verteret
1076 1873 1203 1953 ,die
1245 1896 1382 1939 von
1431 1875 1639 1939 ihnen
1683 1875 1858 1939 noch
1903 1873 2110 1939 bevor
2158 1875 2268 1939 ihr
2312 1876 2483 1939 auch
2528 1898 2654 1940 uns

491 1975 854 2061 angehoert
909 1976 1482 2062 vorzutragenden
1528 1976 1813 2055 Worte‘‚
1872 1986 2050 2042 recte
2102 1976 2442 2042 intellexit
2485 1977 2654 2041 illud

490 2081 615 2162 πρίν
659 2103 710 2140 τι
752 2080 999 2140 ἀκοῦσαι
1043 2080 1291 2145 arctius
1333 2100 1483 2145 cum
1539 2080 1680 2146 τοὺς
1721 2080 2040 2162 μέλλοντας·
2080 2077 2164 2139 ἀτὲ
2216 2080 2404 2140 αὐτῶν
2449 2080 2658 2160 λόγους·

493 2182 1027 2268 coniungendum
1073 2204 1235 2248 esse.
1326 2183 1797 2249 Hermocrates
1836 2183 2032 2260 enim,
2083 2181 2651 2267 Syracusanorum

493 2287 772 2371 legatus,
828 2286 1197 2351 orationem
1240 2286 1664 2371 ingressurus
1709 2286 1882 2371 apud
1937 2288 2315 2353 contionem
2360 2284 2655 2352 Camari-

490 2411 810 2455 naeorum
842 2389 1004 2454 duas
1035 2410 1264 2454 causas
1308 2391 1661 2475 legationis
1692 2390 1965 2474 profert,
2021 2391 2301 2456 alteram
2348 2390 2655 2474 quamvis

489 2493 930 2571 manifestam,
975 2501 1200 2558 tamen
1245 2494 1590 2572 minorem,
1638 2492 1814 2576 quod
1860 2493 2379 2558 Atheniensium
2426 2493 2655 2558 classis

490 2604 753 2681 praesto
785 2596 893 2674 sit,
937 2596 1216 2661 alteram
1245 2598 1554 2679 quamvis
1587 2596 2097 2673 coniectaneam,
2130 2604 2354 2660 tamen
2383 2595 2654 2680 gravius

489 2699 931 2776 metuendam,
970 2699 1144 2782 quod
1175 2699 1695 2764 Atheniensium
1741 2699 1945 2783 legati
1989 2699 2169 2782 ipsos
2210 2698 2654 2763 contionando

490 2810 916 2887 praevertere
959 2802 1236 2886 possint.
1324 2801 1452 2865 His
1497 2802 1711 2867 causis
1758 2801 1886 2867 duo
1921 2802 2215 2886 pericula
2249 2800 2653 2876 efficiuntur,

491 2926 657 2988 quae
722 2904 976 2971 duobus
1031 2905 1397 2971 enuntiatis
1453 2904 1559 2986 (μὴ
1614 2903 1788 2987 αὐτὴν
1832 2906 2233 2987 καταπλαγῆτε
2279 2912 2347 2968 et
2387 2903 2467 2985 μὴ
2512 2902 2662 2983 ὑμᾶς

491 3011 789 3086 πείσωσιν)
833 3030 871 3073 a
914 3008 1266 3093 participio
1311 3008 1617 3074 δείσαντες
1669 3008 2110 3092 pendentibus
2168 3007 2656 3091 exprimuntur.

493 3114 794 3199 Namque
857 3135 994 3179 non
1058 3111 1252 3176 modo
1309 3111 1743 3176 metuendum
1798 3121 1961 3191 erat,
2034 3134 2118 3177 ne
2177 3111 2385 3176 classe
2448 3109 2657 3173 Athe·

492 3218 829 3283 niensium
901 3214 1077 3279 haud
1144 3214 1381 3298 procul
1454 3214 1727 3279 absente
1800 3217 2006 3279 animi
2075 3216 2657 3281 Camarinaeorum

494 3322 732 3385 timore
799 3317 1372 3403 perturbarentur,
1450 3316 1566 3380 sed
1630 3317 1853 3400 potius
1917 3318 2286 3385 cavendum
2344 3325 2506 3395 erat,
2573 3338 2658 3381 ne

493 3423 1013 3490 Atheniensium
1043 3421 1246 3506 legati
1278 3420 1645 3484 orationem
1674 3421 1861 3503 prius
1894 3418 2333 3504 Syracusanis
2367 3419 2660 3486 habituri

494 3526 874 3609 eloquentia
938 3524 1182 3589 blanda
1247 3524 1622 3588 animorum
1690 3523 2137 3589 conciliatrice
2192 3522 2658 3590 Camarinaeos

494 3626 624 3693 sibi
677 3630 889 3693 socios
947 3627 1402 3712 adiungerent.
1493 3625 1731 3708 Itaque
1788 3633 1866 3690 ut
1909 3627 2035 3692 hoc
2085 3635 2441 3711 utrumque
2485 3627 2657 3691 vita-

496 3739 701 3810 retur,
768 3752 963 3814 quam
1022 3730 1339 3794 citissime
1384 3751 1424 3794 a
1470 3727 1912 3814 Syracusanis
1967 3730 2172 3816 legati
2227 3731 2415 3795 missi
2480 3737 2658 3794 sunt.

497 3835 645 3899 'Pali
710 3835 904 3900 modo
978 3834 1199 3899 locum
1270 3833 1694 3917 interpretati
1766 3856 1899 3898 non
1977 3834 2194 3898 solum
2269 3833 2659 3897 continuum

496 3938 978 4003 sententiarum
1022 3956 1450 4020 progressum
1497 3936 1904 4019 dispicimus,
1966 3936 2080 4001 sed
2126 3937 2327 4000 etiam
2371 3934 2660 4017 eleganti

497 4039 776 4121 quadam
821 4037 1178 4105 verborum
1225 4039 1676 4104 concinnitate
1718 4040 2139 4104 delectamur.
2224 4035 2403 4103 Sunt
2438 4044 2660 4100 autem

500 4145 555 4200 οἱ
605 4142 917 4224 μέλλοντες
968 4139 1052 4203 απ’
1118 4141 1305 4203 αὐτῶν
1373 4143 1533 4224 λόγοι
1602 4143 1932 4208 orationes
2000 4141 2082 4206 ab
2145 4140 2660 4208 Atheniensium
