3088 4580
2534 287 2617 354 27

455 482 642 563 quasi
689 480 1059 546 sententiae
1103 479 1456 564 primariae
1502 477 1807 544 redactus
1838 478 2171 561 particeps
2217 479 2297 542 fit
2341 478 2618 543 rationis

457 583 581 646 toti
618 582 887 665 periodo
920 583 1180 647 insitae.
1235 581 1424 646 Mera
1458 581 1776 665 temporis
1807 581 2271 646 determinatio
2308 582 2619 665 quodam-

455 687 648 751 modo
701 687 1091 771 reprimitur
1134 686 1417 751 subiect-i
1460 684 1680 750 studio
1723 705 1798 748 ae
1837 684 2113 749 consilio
2160 706 2300 748 rem
2333 685 2620 768 aliquam

457 791 641 873 prius
685 789 1096 873 perficiendi,
1136 810 1333 873 quam
1378 788 1510 852 alia
1548 787 1632 852 ad
1660 788 1967 853 effectum
2013 788 2296 853 venerit.
2386 789 2621 871 Itaque

456 893 723 958 schema
764 893 966 958 huius
1011 900 1387 958 structurae
1430 890 1559 955 hoe
1606 890 1741 955 fere
1785 889 1980 955 modo
2021 890 2442 955 statuendum
2491 901 2620 956 est:

457 997 582 1059 hoc
630 995 994 1079 perfectum
1041 1017 1182 1061 esse
1238 995 1395 1061 volo
1443 995 1618 1071 (sive
1662 992 2016 1073 volebam),
2063 1003 2414 1077 antequam
2455 995 2619 1060 illud

459 1101 654 1163 fieret
701 1100 879 1180 (sive
924 1100 1171 1164 factum
1219 1103 1446 1175 esset).
1538 1098 1623 1162 In
1668 1097 2015 1161 enuntiato
2057 1098 2266 1182 igitur
2310 1099 2625 1181 primario

465 1210 727 1285 tempus
816 1201 1117 1267 futurum
1205 1201 1348 1266 sive
1434 1200 1724 1265 similem
1808 1200 2150 1266 notionem
2238 1202 2624 1267 antecedere

464 1312 983 1369 consentaneum
1064 1312 1183 1370 est.
1296 1306 1400 1392 Ac
1473 1306 1532 1370 si
1599 1304 1930 1369 enuntiati
2004 1304 2304 1387 primarii
2378 1304 2623 1369 forinas

459 1409 965 1491 perlustramus,
1055 1429 1453 1491 quamquam
1539 1429 1801 1472 merum
1888 1407 2187 1472 futurum
2276 1430 2621 1491 nusquam,

457 1510 891 1595 imperativus
938 1511 1040 1576 bis
1087 1509 1261 1590 (Ἕλλ.
1294 1511 1415 1588 IV,
1461 1508 1523 1590 8,
1572 1508 1657 1577 38
1699 1519 1768 1576 et
1812 1512 1953 1593 Eup.
1998 1512 2149 1571 παιδ.
2193 1512 2354 1587 VII,
2409 1514 2462 1590 1,
2509 1513 2625 1589 22)

457 1616 824 1692 invenitur,
857 1613 1295 1679 creberrimae
1319 1621 1544 1679 tamen
1569 1621 1729 1679 sunt
1757 1614 2064 1679 notiones
2088 1615 2625 1700 periphrasticae‚

463 1719 648 1784 velut
704 1717 912 1783 verba
970 1716 1274 1800 optandi:
1325 1714 1653 1795 βούλεσθαι
1708 1716 1844 1795 (Ἀν.
1902 1717 1995 1795 ΙΙ,
2060 1719 2121 1796 5,
2180 1719 2249 1797 5;
2293 1719 2449 1779 <Ελλ.
2494 1719 2624 1795 ΙΙΙ,

459 1819 519 1898 3,
578 1822 650 1886 ¹0
696 1829 765 1885 ct
808 1819 930 1898 VI,
989 1821 1048 1898 5,
1096 1818 1206 1896 21)
1265 1817 1549 1903 εὔχεσθαι
1602 1818 1742 1904 (Ἀν.
1787 1821 1948 1899 VII‚
2011 1820 2065 1899 1,
2122 1819 2260 1905 30),
2318 1821 2629 1904 πειρᾶσθαι

460 1922 593 2001 (Ἀν.
654 1924 776 2001 IV,
852 1923 905 2000 1,
974 1920 1060 2000 4),
1131 1920 1398 1983 σπεύδειν
1469 1920 1642 2002 (EM.
1709 1924 1840 2002 ΙΙΙ,
1915 1924 1970 2002 1,
2043 1922 2178 2005 17);
2247 1925 2359 1990 vel
2422 1924 2629 1989 verba

460 2028 757 2093 iubendi:
805 2025 1059 2088 κελεύειν
1101 2025 1277 2104 (EM.
1318 2027 1441 2105 IV,
1489 2029 1549 2104 5,
1591 2027 1715 2105 15),
1747 2028 1868 2087 δεῖν
1901 2029 2072 2110 (Κυρ.
2117 2029 2269 2089 παιὸ.
2305 2029 2398 2106 ΙΙ,
2443 2029 2502 2107 4,
2544 2029 2626 2094 25

462 2131 560 2197 etc
580 2133 819 2214 Ιππαρχ.
850 2130 910 2210 4,
944 2129 1014 2207 7)
1038 2133 1248 2213 χρῆναι
1271 2127 1404 2208 (Ἀν.
1429 2131 1483 2207 Ι,
1515 2130 1576 2207 4,
1616 2129 1745 2208 14),
1781 2130 1890 2196 vel
1914 2129 2316 2195 adieetivum
2341 2132 2627 2213 verbale,

463 2243 538 2300 ut
561 2232 876 2317 πυρευτέον
900 2231 1040 2312 (Au.
1060 2232 1183 2312 IV,
1217 2233 1277 2311 5,
1317 2231 1403 2311 1),
1438 2233 1546 2298 vel
1574 2233 1851 2299 verbum
1875 2231 2160 2294 δύνασθαι
2191 2230 2368 2311 (lm-c.
2400 2233 2460 2314 4,
2498 2234 2626 2313 18).

634 2338 948 2420 Longum
1032 2337 1165 2401 erit
1249 2337 1471 2401 omnia
1543 2337 1870 2405 infinitivi
1957 2338 2264 2422 exempla
2349 2361 2629 2422 quorum

465 2462 780 2506 numerus
826 2447 928 2503 est
979 2438 1118 2517 107,
1182 2440 1576 2524 singillatim
1623 2462 2011 2505 enumerare
2050 2449 2247 2525 atque
2302 2444 2626 2526 persequi,

464 2566 674 2627 neque
739 2543 808 2608 id
875 2564 1110 2627 operae
1164 2544 1456 2627 pretium
1525 2544 1693 2608 mihi
1759 2566 1904 2609 esse
1960 2545 2247 2623 videtur,
2316 2548 2627 2627 quoniam

461 2669 721 2711 omnem
770 2648 904 2712 fere
947 2647 1332 2732 disputandi
1359 2649 1709 2713 materiem
1752 2649 1825 2713 in
1875 2648 2040 2713 loeis
2073 2648 2480 2733 Thucydidis
2514 2671 2628 2713 ex-

462 2750 786 2833 plicandis
841 2750 1329 2833 occupavimus,
1420 2751 1658 2833 Itaque
1714 2772 1824 2815 eas
1869 2750 2196 2815 infinitivi
2258 2758 2629 2815 structuras

463 2853 834 2918 accurat-ius
852 2853 1294 2937 investigasse
1316 2854 1480 2918 satis
1497 2853 1910 2932 habebimus,
1937 2875 2103 2936 quae
2126 2860 2243 2917 aut
2261 2853 2628 2937 singulares

465 2963 580 3018 aut
622 2954 1096 3037 Xenophontis
1140 2957 1449 3038 propriae
1495 2963 1673 3019 sunt.

638 3055 1045 3138 Plerumque
1075 3058 1457 3122 infinitivus
1505 3078 1656 3121 cum
1699 3059 1823 3140 πρίν
1867 3057 2197 3140 particula
2241 3058 2631 3123 coniunctus

468 3159 712 3244 pendet
783 3158 865 3223 ab
940 3160 1285 3224 enuntiato
1365 3160 1482 3225 alii
1564 3181 1702 3225 non
1792 3158 2241 3224 subordinate.
2362 3160 2632 3225 Nullius

467 3271 689 3328 autem
750 3263 1071 3327 momenti
1129 3271 1233 3329 est
1286 3262 1742 3329 subordinatio
1789 3263 1965 3341 talis,
2027 3263 2240 3346 qualis
2287 3264 2632 3348 particulis

468 3368 554 3427 ὅτι
619 3365 786 3448 (Kop-
851 3366 1004 3426 παιδ.
1070 3366 1163 3445 ΙΙ,
1233 3366 1293 3444 4,
1367 3366 1480 3446 25;
1550 3367 1682 3444 ΙΙΙ,
1753 3366 1812 3445 2,
1883 3365 1989 3444 12;
2047 3365 2207 3443 VII,
2263 3367 2314 3445 1,
2364 3366 2491 3444 22),
2551 3366 2638 3433 ὡς

469 3471 646 3548 (EM.
691 3472 776 3549 V,
823 3470 883 3550 2,
930 3469 1065 3549 33),
1123 3470 1321 3553 ὥσπερ
1369 3470 1626 3554 (Ἀπομν.
1674 3470 1797 3549 IV,
1843 3468 1920 3549 2,-
1951 3471 2067 3550 25;
2121 3472 2299 3530 (lexov.
2351 3469 2447 3547 15,
2503 3470 2630 3548 10),

470 3572 626 3635 ὥστε
695 3595 845 3640 cum
909 3574 1274 3641 indicativo
1341 3602 1418 3630 =
1481 3576 1706 3659 itaque
1770 3575 1945 3657 (Κυρ.
2007 3574 2160 3635 παιδ.
2227 3574 2319 3651 ΙΙ,
2388 3572 2448 3651 2,
2529 3574 2602 3641 10
2613 3597 2630 3653 ;

468 3677 600 3756 ΙΙΙ,
672 3677 726 3757 1,
797 3676 928 3757 19),
999 3676 1130 3739 ἐπεί
1180 3705 1254 3732 ---
1318 3700 1602 3762 namque
1669 3678 1965 3763 Clmwpl·
2012 3676 2073 3756 4,
2151 3675 2254 3756 18)
2323 3678 2632 3754 efficitur,

467 3782 781 3865 quoniam
842 3780 968 3845 hae
1021 3777 1384 3863 particulae
1443 3783 1929 3848 coniunctionis
1985 3779 2336 3865 pendentis
2394 3786 2635 3844 natura

469 3893 672 3950 exuta
734 3884 816 3948 ad
870 3883 1099 3948 modos
1157 3885 1487 3949 enuntiati
1543 3885 1707 3968 ipsis
1774 3884 2140 3958 subiuncti,
2174 3882 2428 3947 nullam
2492 3884 2634 3948 vim

471 3987 739 4053 habent.
828 3986 1074 4051 Rarius
1119 3988 1540 4053 enuntiatum
1582 4010 1655 4053 re
1699 4009 1861 4053 vera
1903 3987 2408 4052 subordinatum
2451 3995 2635 4050 ante-

475 4090 665 4155 cedit.
769 4089 890 4154 Bis
957 4089 1206 4173 pendet
1272 4091 1612 4155 sententia·
1669 4089 2057 4155 secundaria
2136 4089 2217 4153 ab
2285 4088 2633 4152 infinitivo

477 4214 624 4257 cum
663 4192 991 4278 particula
1019 4191 1177 4254 ὥστε
1209 4192 1515 4277 copulato
1551 4193 1722 4276 (Κυρ.
1751 4192 1902 4252 παιδ.
1932 4192 2056 4269 IV,
2104 4191 2163 4268 2,
2196 4187 2277 4255 39
2310 4195 2378 4251 ct
2406 4185 2466 4264 3,
2506 4185 2633 4265 16),
