3088 4580
477 271 557 338 10

468 483 605 527 non
647 461 1014 546 accepistis.
1091 460 1484 526 Infinitivus
1516 482 1668 525 cum
1713 462 1837 542 τῳίν
1866 461 2195 544 particula
2237 460 2630 525 coniunctus

469 572 805 648 tamquam
869 585 1130 629 merum
1193 562 1584 629 adverbium
1634 565 1813 630 inter
1862 565 2218 630 articulum
2270 570 2338 628 et
2389 585 2633 629 nomen

470 690 554 733 ex
617 668 1026 733 Graecorum
1092 689 1275 733 more
1340 667 1777 751 interpositus
1845 674 1965 732 est.
2076 665 2305 732 Etiam
2365 666 2630 752 longius

471 771 894 857 progreditur
945 771 1115 836 illud
1169 770 1644 854 Xenophontis
1691 768 1881 853 Ἀγησ.
1934 770 1988 849 1,
2034 771 2073 835 5
2131 774 2233 853 τῆς
2283 772 2406 853 mlv
2460 769 2634 854 ἄρξαι

470 877 688 959 ἀρετῆς
759 876 1063 955 (virtutis
1137 884 1292 940 ante
1365 875 1720 959 imperium
1794 880 2177 957 susceptum
2251 880 2631 958 spectatae),

470 1001 676 1063 quum
743 980 867 1044 hoc
933 980 1078 1044 loco
1145 979 1348 1044 etiam
1411 975 1836 1057 adiectivum,
1904 999 2034 1062 quo
2093 978 2165 1042 in
2221 978 2633 1062 Thucydidis

471 1083 776 1168 exemplo
821 1084 946 1165 πρίν
1000 1082 1296 1159 fulcitur,
1356 1081 1553 1147 absit.
1655 1080 1888 1164 Neque
1949 1089 2177 1147 tamen
2226 1079 2388 1147 haec
2431 1081 2632 1147 dictio

471 1208 513 1251 a
552 1195 795 1252 natura
835 1185 1200 1270 particulae
1254 1188 1378 1269 πρίν
1429 1185 1760 1250 abhorret.
1866 1186 2011 1250 Iam
2054 1185 2328 1270 Krfiger
2353 1186 2393 1262 ¹)
2436 1185 2633 1250 huius

473 1290 736 1375 generis
780 1290 1088 1374 exempla
1129 1288 1424 1368 seclusit,
1469 1309 1675 1372 quum
1717 1288 1841 1369 φησίν
1877 1288 2275 1372 particulam
2319 1288 2424 1353 his
2469 1289 2634 1354 locis

473 1393 986 1477 praepositionis
1059 1394 1127 1458 vi
1192 1399 1581 1477 usurpatam
1647 1412 1793 1456 esse
1849 1391 2045 1459 dicat.
2147 1392 2398 1457 Munus
2466 1393 2634 1457 illud

461 1496 962 1562 'determinandi
1029 1505 1312 1580 tempus.
1367 1496 1649 1561 act-ionis
1723 1494 2077 1579 primariae
2149 1494 2230 1560 ad
2310 1496 2635 1561 rationem

459 1602 920 1680 -limitativam,
952 1623 1038 1666 ex
1069 1623 1199 1685 qua
1221 1600 1635 1666 infinitivum
1661 1621 1701 1664 a.
1728 1601 1852 1682 πρίν
1881 1599 2214 1683 particula
2233 1599 2637 1683 pendentem

473 1715 696 1772 ort-um
741 1727 885 1771 esse
940 1726 1142 1788 supra
1199 1703 1682 1781 contendimus,
1741 1704 2057 1769 facillime
2102 1704 2261 1768 licet
2302 1725 2635 1770 revocare.

472 1811 658 1875 Haec
702 1816 863 1874 sunt
906 1808 1190 1894 vestigia
1235 1805 1644 1884 vetustioriS,
1695 1813 1773 1871 ut
1803 1806 2059 1889 opinor,
2107 1806 2470 1890 particulae
2515 1809 2638 1891 πφίν

473 1935 651 1978 usus.

647 2017 937 2082 Diversa
1023 2022 1126 2079 est
1212 2013 1383 2078 ratio
1456 2012 1733 2077 alterius
1820 2013 2081 2097 generis
2156 2014 2635 2098 exemplorum.

474 2121 772 2185 Afferam
840 2119 1046 2183 Thuc.
1116 2117 1168 2189 I,
1247 2116 1387 2195 141,
1461 2116 1522 2205 13
1610 2115 1963 2197 διανοῆθησε
2030 2114 2333 2177 ὑπακούειν
2399 2120 2521 2199 πρίν
2587 2140 2638 2177 τι

473 2225 784 2307 βλαβῆναι.
902 2221 1146 2287 Nullus
1232 2219 1358 2285 hoe
1443 2220 1589 2284 loco
1677 2241 1894 2284 sermo
1968 2226 2072 2285 est
2151 2220 2231 2284 de
2319 2223 2637 2305 temporis

477 2327 1045 2393 determinatione.
1107 2325 1310 2391 Actio
1335 2324 1514 2390 enim
1533 2324 1864 2388 enuntiati
1884 2323 2258 2389 secundarii
2280 2325 2639 2391 imminens

476 2454 560 2496 ne
604 2431 686 2495 ad
731 2431 1039 2495 effectum
1085 2430 1334 2506 veniat,
1389 2429 1563 2493 actio
1606 2427 1924 2511 primaria
1980 2427 2328 2493 antecedat
2371 2451 2638 2495 necesse

476 2542 597 2599 est.
687 2534 890 2599 Latet
943 2532 1013 2597 in
1083 2531 1425 2597 infinitivo
1491 2530 1742 2613 aliquid
1808 2530 2290 2612 condicionale;
2357 2554 2639 2617 namque

477 2659 710 2703 sensus
755 2644 857 2701 est
888 2636 1023 2701 hic:
1071 2635 1565 2719 obsequendum
1596 2635 1788 2700 vobis
1832 2642 1955 2715 est,
2000 2636 2134 2701 nisi
2165 2637 2639 2703 detrimentum

477 2761 709 2825 capere
740 2740 972 2805 vultis.
1009 2775 1083 2785 —
1119 2738 1455 2805 Dictionis
1486 2739 1886 2805 limitativae
1916 2740 2222 2824 exempla
2250 2740 2641 2825 plerumque

475 2845 549 2909 in
591 2865 775 2909 mera
818 2863 1043 2907 rerum
1083 2850 1424 2928 gestarum
1464 2842 1847 2907 narratione
1879 2841 2309 2908 antecedente
2342 2852 2640 2928 tempore

475 2948 838 3031 praeterito
905 2953 1294 3026 occurrunt3
1362 2946 1638 3012 alterius
1704 2947 1969 3032 generis
2034 2947 2164 3013 loci
2232 2968 2493 3031 semper
2558 2948 2642 3013 ad

478 3058 740 3135 tempus
806 3050 1109 3115 futurum
1172 3049 1533 3134 pertinent,
1610 3050 1705 3116 ita
1782 3059 1861 3116 ut
1936 3051 2319 3117 infinitivus
2395 3051 2639 3117 habeat

477 3154 819 3219 notionem
883 3153 1095 3219 futuri
1159 3153 1398 3219 exacti.
1508 3153 1745 3238 Itaque
1812 3176 2076 3220 omnem
2141 3156 2485 3245 materiem
2546 3157 2643 3220 ita

479 3258 925 3342 disponemus,
992 3265 1072 3323 ut
1126 3251 1348 3341 priore
1402 3258 1547 3322 loco
1614 3278 1726 3322 eos
1785 3258 2160 3324 infinitivos
2221 3280 2260 3323 a
2313 3259 2642 3343 particula

479 3363 603 3443 πρίν
646 3360 1011 3444 pendentes
1036 3381 1523 3438 enumeremus,
1570 3359 1809 3443 quibus
1843 3360 1915 3424 in
1945 3361 2291 3427 enuntiato
2325 3362 2640 3445 primario

478 3464 810 3529 antecedit
878 3471 1140 3547 tempus
1214 3462 1667 3547 praeteritum,
1753 3464 2122 3547 posteriore
2194 3485 2326 3543 eos,
2402 3465 2641 3549 quibus

479 3566 812 3633 antecedit
840 3575 1119 3651 tempus,
1144 3567 1443 3631 futurum
1484 3566 1630 3630 sive
1673 3565 1911 3630 similis
1942 3566 2148 3633 notio.
2226 3566 2452 3650 Quum
2481 3588 2641 3635 vero

481 3670 902 3756 Thucydides
925 3670 1340 3735 infinitivum
1365 3670 1665 3753 sexagies
1691 3671 1954 3753 septies,
1985 3670 2367 3755 Xenophon
2396 3671 2641 3755 septies

479 3781 549 3839 et
613 3776 862 3841 centies
921 3773 1320 3853 adhibuerit,
1379 3795 1464 3838 ne
1524 3773 1982 3858 exemplorum
2039 3774 2471 3839 multitudine
2530 3775 2644 3840 ob-

481 3901 772 3960 ruamur,
815 3900 1350 3963 unumquemque
1380 3876 1795 3961 scriptorem,
1841 3878 2129 3960 priorem
2163 3877 2640 3962 Thucydidem,

481 3984 917 4067 posteriorem
972 3982 1508 4067 Xenophontem,
1568 3981 1784 4046 solum
1826 3980 2399 4064 pertractabimus.
2497 3981 2643 4045 Hac

657 4203 699 4269 l)
735 4204 976 4273 Krssger,
1012 4203 1067 4257 in
1102 4207 1353 4259 annotat.
1392 4202 1468 4259 ad
1503 4201 1679 4260 Thuc.
1717 4201 1758 4271 I,
1792 4201 1876 4270 39,
1912 4201 1961 4254 2.
