3088 4580
493 256 577 323 26

493 445 738 509 clarius
795 452 1130 529 appareat,
1185 444 1393 528 priori
1460 446 1849 530 plerumque
1915 445 2212 510 membro
2270 466 2503 510 vocem
2568 446 2660 503 νῦν

492 546 795 631 adiungit
842 545 983 629 (Ἀν.
1030 548 1190 626 VII,
1240 546 1298 626 7,
1344 546 1427 614 35
1444 573 1458 629 3
1507 550 1648 633 Κυρ.
1704 550 1855 609 παιδ.
1890 548 1985 627 V,
2034 549 2092 626 2,
2140 546 2222 613 36
2239 572 2253 628 3
2296 547 2451 607 Ἕλλ.
2495 548 2658 625 VII,

493 651 553 728 5,
623 649 733 730 773
803 648 993 711 Ἀπολ.
1057 651 1257 734 Σωκρ.
1325 650 1366 738 ξ
1423 651 1559 731 24).
1673 653 1851 720 Huic
1916 652 2372 735 exemplorum
2432 652 2658 735 generi

492 772 865 816 asseramus
909 753 1051 836 Περ.
1098 755 1209 813 ἱππ.
1257 751 1316 832 3,
1372 755 1466 833 11,
1515 754 1691 837 quod
1735 755 1865 819 etsi
1908 775 2042 819 non
2089 774 2272 817 mero
2325 774 2662 837 compara-

493 855 636 921 tivo
678 855 1084 921 instructum
1131 864 1253 934 est,
1300 849 1519 940 elli'psi
1551 864 1774 922 tamen
1805 857 2010 922 simili
2055 856 2483 939 conspicuum
2528 865 2652 920 est:

493 959 548 1019 εἷ
583 958 971 1041 πεπονηκότος
1010 956 1118 1041 ἤδη
1150 962 1251 1019 τοῦ
1294 960 1457 1019 ἵππου
1497 960 1655 1020 πάλιν
1700 967 1951 1043 πειρῷτο
1991 965 2165 1020 ποιεῖν
2211 960 2395 1019 ταῦτα
2437 960 2661 1041 ὅσαπερ

494 1062 615 1143 σφὶν
661 1059 958 1143 ἄρξασθαι
1002 1060 1248 1123 ἱππεύειν
1297 1062 1446 1143 (sel.
1503 1061 1729 1140 ἐποίει).
1818 1063 2115 1128 Multum
2173 1071 2394 1127 autem
2439 1062 2663 1127 differt

494 1166 663 1230 ratio
725 1165 925 1230 unius
973 1164 1424 1249 Cyropaediae
1480 1166 1609 1232 loci
1652 1167 1737 1245 V,
1787 1164 1847 1244 3,
1893 1165 1997 1245 30,
2058 1188 2189 1249 quo
2235 1174 2391 1231 ante
2436 1167 2662 1230 infini-

495 1270 712 1335 tivum
743 1269 1025 1335 verbum
1047 1291 1281 1354 regens
1313 1292 1396 1335 ex
1422 1269 1837 1335 antecedenti
1861 1271 2207 1336 enuntiato
2229 1271 2661 1355 repetendum

493 1382 596 1438 est
641 1374 940 1451 (Ιᾶὸάτας
991 1373 1300 1457 διέπραξεν
1355 1375 1395 1434 ἃ
1453 1376 1625 1435 δοκεῖ
1672 1378 1836 1434 πᾶσιν
1891 1374 2016 1454 ἡμῖν
2069 1375 2277 1433 πολλοῦ
2322 1371 2459 1444 ἄξια
2503 1373 2661 1447 εἶναι,

491 1478 608 1536 καὶ
654 1479 876 1537 ταῦτα
921 1479 1077 1559 πρὶν
1121 1480 1217 1537 καὶ
1262 1479 1449 1537 ὁτιοῦν
1494 1474 1585 1558 ὑφ’
1636 1477 1793 1558 ἡμῶν
1838 1477 2065 1558 ἀγαθὸν
2110 1478 2363 1554 παθεῖν).

666 1579 845 1645 Aliis
891 1601 1150 1663 quoque
1193 1580 1358 1645 locis
1402 1602 1586 1645 mera
1630 1580 2125 1663 comparatione
2171 1579 2433 1645 sublata
2475 1579 2662 1662 quasi

492 1683 867 1748 ἀντιθετικῶς
917 1682 1080 1747 haec
1124 1684 1451 1750 infinitivi
1503 1691 1845 1749 structura
1887 1704 1927 1747 a
1970 1682 2420 1766 Xenophonte
2473 1704 2663 1747 usur-

492 1794 690 1868 patur
736 1782 842 1846 Ἀν.
887 1782 1046 1864 VII,
1093 1786 1152 1865 7,
1199 1788 1268 1851 5:
1328 1788 1451 1869 πρὶν
1510 1787 1634 1868 ὑμῖν
1689 1788 1843 1868 φίλοι
1896 1786 2176 1867 γενέσθαι
2232 1784 2661 1868 ἐπορευόμεθα·

493 1887 617 1948 ἐπεὶ
661 1886 731 1949 δὲ
775 1889 899 1970 ἡμῖν
945 1891 1096 1970 φίλοι
1142 1888 1426 1970 ἐγένεσθε
1461 1928 1535 1936 -
1573 1894 1664 1951 νῦν
1712 1891 1782 1972 δή
1827 1892 1946 1950 κτλ.
2022 1887 2124 1954 Of.
2160 1887 2274 1950 Ἀν.
2305 1889 2465 1966 VII,
2516 1886 2573 1965 7,
2621 1888 2658 1950 9

503 1999 571 2056 et
657 1990 760 2070 46,
849 1992 964 2056 ubi
1051 1994 1392 2076 responsio
1472 1994 1732 2059 voculis
1816 1993 1927 2076 μέν
1993 2028 2078 2038 --
2152 1991 2226 2052 δέ
2308 1991 2657 2055 indicatur.

500 2096 864 2161 Addendus
932 2107 1034 2161 est
1097 2097 1335 2161 similis
1402 2097 1588 2163 locus
1656 2095 1882 2179 Ἀπομν.
1948 2098 2004 2175 Ι,
2062 2095 2122 2175 2,
2189 2095 2291 2175 22,
2358 2094 2471 2159 ubi
2539 2117 2658 2177 pro

496 2200 841 2265 enuntiato
929 2222 968 2263 a
1055 2200 1525 2265 coniunctione
1622 2200 1757 2262 ἐπεί
1833 2199 2152 2283 pendenti
2237 2197 2661 2282 participium

493 2305 837 2369 invenitur
883 2303 1217 2385 (δυνάμενοι
1260 2305 1575 2385 φείδεσθαι
1620 2307 1772 2388 πρὶν
1819 2304 2023 2386 ἐρᾶν,
2072 2302 2542 2387 ἐρασθέντες
2581 2300 2659 2360 δὲ

493 2407 686 2468 οὐκέτι
729 2404 1045 2479 δύνανται).
1122 2406 1186 2471 Ν
1191 2430 1277 2471 on
1309 2407 1837 2473 obliviscendum
1884 2415 1988 2473 est
2018 2409 2241 2472 omnia
2285 2404 2660 2472 huiusmodi

493 2510 930 2594 oppositionis
1006 2510 1310 2594 exempla
1375 2520 1652 2596 excepto
1725 2534 1857 2577 uno
1936 2509 2112 2589 (Ἕλλ.
2181 2511 2341 2587 VII,
2410 2511 2467 2586 5,
2545 2507 2659 2590 77)

492 2613 785 2679 inveniri
806 2614 879 2678 in
911 2613 1341 2693 orationibuS,
1376 2616 1690 2697 quoniam
1721 2614 2032 2680 dictionis
2064 2614 2338 2678 huiusce
2367 2612 2662 2696 gravitas

495 2717 746 2783 oratori
788 2717 1119 2800 imprimis
1164 2727 1322 2801 apta
1364 2728 1485 2784 est.

662 2821 819 2886 Iam-
852 2821 1236 2886 nominandi
1282 2829 1444 2887 sunt
1474 2821 1784 2887 undecim
1826 2822 1973 2900 loci,
2038 2821 2154 2903 qui
2196 2820 2267 2883 in
2314 2819 2663 2882 enuntiato

492 2924 809 3008 primario
852 2922 1134 2989 verbum
1189 2923 1431 3004 φθάνειν
1487 2924 1828 2990 exhibent.
1938 2923 2002 2988 N
2007 2923 2189 2988 ovies
2238 2921 2664 2986 coniunctum

492 3034 593 3092 est
659 3047 811 3092 cum
864 3027 1216 3110 participio
1285 3027 1675 3111 plerumque
1729 3027 1961 3092 aoristi
2019 3023 2197 3102 (Ἕλλ.
2267 3025 2350 3101 V,
2420 3023 2479 3102 4,
2547 3021 2661 3100 49;

493 3131 614 3207 VI,
683 3132 743 3208 5,
812 3128 881 3208 9;
951 3130 1091 3213 Κυρ.
1155 3130 1308 3190 παιὸ.
1364 3131 1496 3209 ΙΙΙ,
1567 3132 1621 3210 1,
1684 3130 1791 3210 19;
1859 3130 1989 3209 ΙΙΙ,
2052 3129 2113 3209 2,
2171 3128 2245 3207 4;
2313 3128 2435 3206 IV,
2494 3129 2542 3204 1,
2590 3124 2662 3204 3;

493 3234 654 3310 VII,
717 3235 777 3312 5,
836 3231 920 3297 39
934 3255 951 3311 3
1004 3229 1255 3316 Ἱππαμχ.
1304 3233 1361 3311 7,
1436 3235 1557 3312 10),
1617 3234 1820 3300 semel
1879 3232 2250 3317 praesentis
2309 3228 2485 3307 (Ἕλλ.
2538 3230 2662 3306 VI,

495 3337 555 3411 4,
602 3335 739 3414 21),
810 3334 1014 3399 semel
1079 3336 1360 3418 perfecti
1416 3338 1586 3420 (Ιιὶιρ.
1648 3338 1800 3398 παιδ.
1858 3336 1950 3414 II,
2010 3334 2069 3412 4,
2132 3333 2262 3408 25).
2351 3332 2663 3415 Reliquis

494 3438 749 3505 duobus
814 3438 997 3517 lociS,
1066 3461 1150 3503 ne
1213 3441 1423 3506 oratio
1482 3439 1713 3504 durior
1777 3441 1917 3515 fiat,
1985 3437 2414 3520 participium
2460 3437 2661 3512 deest,

491 3543 647 3626 quia
712 3541 941 3622 φθάσαι
1016 3543 1396 3608 infinitivus
1476 3542 1619 3624 ipse
1687 3563 1726 3605 a
1792 3539 2142 3624 participio
2217 3539 2348 3603 alio
2419 3539 2663 3623 pendet

493 3644 636 3725 (Ἀν.
687 3645 781 3724 ΙΙ,
829 3645 889 3723 5,
938 3646 977 3709 5
1024 3653 1093 3710 et
1135 3645 1258 3722 IV,
1311 3646 1365 3722 1,
1412 3643 1504 3726 4).

669 3747 814 3812 Illis
839 3769 1003 3830 quae
1028 3748 1264 3814 ultimo
1290 3747 1432 3812 loeo
1456 3747 1808 3812 attulimus
1832 3749 2156 3833 exemplis
2180 3749 2308 3812 iam
2343 3747 2662 3810 transitus

497 3856 577 3917 fit
627 3852 706 3917 ad
772 3873 1002 3915 eorum
1066 3851 1364 3917 locorum
1427 3850 1747 3929 ordinem,
1816 3873 2012 3934 quem
2080 3874 2223 3936 pag.
2290 3849 2373 3915 24
2448 3850 2660 3933 tetigi.

499 3955 723 4036 Quum
788 3954 1187 4033 infinitivus,
1258 3955 1337 4019 de
1403 3977 1532 4038 quo
1600 3956 1793 4021 modo
1848 3955 2222 4039 quaesitum
2284 3962 2408 4032 est,
2477 3952 2666 4017 nulla

497 4057 864 4122 sententiae
935 4057 1289 4141 primariae
1374 4058 1633 4123 ratione
1715 4057 1944 4123 habita
2018 4056 2299 4122 subiecti
2386 4054 2663 4121 arbitrio

498 4159 666 4228 liber
712 4166 832 4244 est,
889 4161 968 4240 is,
1028 4181 1223 4250 quem
1278 4183 1456 4229 nune
1518 4160 1867 4226 tractaturi
1913 4182 2163 4241 sumus,
2220 4161 2294 4225 in
2338 4159 2663 4226 dicionem
