3088 4580
2521 226 2604 292 25

449 422 681 487 aetatis
706 422 1102 505 vigesimum
1129 425 1523 505 peractum).
1587 418 1695 486 Ad
1722 426 2036 504 quantam
2052 418 2432 505 Xenophon
2454 440 2605 503 pro-

364 603 366 606 *
445 548 710 609 gressus
750 527 859 590 -sit
914 524 1177 589 dicendi
1231 524 1589 600 audaciam,
1637 523 1854 588 elucet
1899 544 1981 587 ex
2043 523 2208 587 locis
2255 524 2367 582 θῖκ.
2419 522 2515 600 17,
2563 524 2604 588 2

445 631 528 705 (οἷ
569 630 690 711 πρὶν
735 628 1118 710 κελευσθῆναι
1163 627 1267 686 ὑπὸ
1335 627 1436 686 τοῦ
1482 626 1629 686 θεοῦ
1674 628 2036 708 σπειραντες)
2094 633 2162 690 et
2219 624 2412 708 Ἀγησ.
2462 625 2516 703 1,
2566 629 2603 691 5

446 737 578 814 (τῆς
632 733 754 814 πρὶν
811 730 986 812 ἄρξαι
1041 730 1212 790 αὐτὸν
1269 730 1526 811 ἀρετῆς),
1590 730 1702 812 qui
1762 728 2139 793 infinitivos
2195 729 2471 793 articulo
2539 738 2606 794 et

443 835 714 899 nomine
775 834 1248 898 circumclusos
1305 833 1443 897 fere
1499 832 1967 899 adverbiorum
2011 833 2226 896 instar
2265 832 2603 916 praebent.

448 938 647 1018 Quid,
705 936 879 1020 quod
946 937 1083 1019 Κυρ.
1149 938 1300 997 παιδ.
1344 937 1477 1014 ΙΙΙ,
1535 934 1595 1010 3,
1660 935 1743 1001 60
1802 937 2079 1016 (ἀφίεσαν
2139 935 2209 995 τὰ
2265 935 2412 1018 βέλη
2468 936 2606 995 πολὺ

446 1043 568 1123 πρὶν
613 1040 990 1118 ἐξικνεῖσθαι)
1039 1040 1425 1107 adverbium
1474 1040 1612 1101 πολύ
1657 1049 1811 1105 ante
1856 1041 2252 1125 particulam
2298 1042 2420 1123 πρίν
2457 1061 2606 1103 cum

445 1145 785 1210 infinitivo
842 1146 1279 1211 consociatam
1336 1147 1713 1230 reperitur?
1811 1146 2051 1209 Nonne
2116 1145 2241 1209 hoc
2308 1144 2606 1208 luculen-

446 1249 775 1313 tissimum
848 1257 950 1312 est
1024 1250 1479 1330 testiinonium
1555 1250 1755 1314 etiam
1830 1257 2044 1313 aetate
2116 1247 2608 1332 Xenophontea,

441 1352 826 1420 memoriam
870 1375 1008 1417 non
1042 1354 1255 1417 solum
1287 1353 1625 1431 adverbii,>
1657 1352 1771 1421 scd
1801 1354 2001 1417 etiam
2033 1352 2469 1436 comparativi
2507 1374 2607 1414 re-

442 1457 811 1521 mansisse?
887 1455 1023 1533 (Of.
1055 1464 1370 1538 quattuor
1399 1458 1579 1522 locos
1614 1457 2024 1535 Home1·ic05‚
2057 1457 2172 1540 qui
2201 1454 2339 1515 πολύ
2372 1457 2493 1536 πρίν
2531 1466 2605 1518 ut

440 1581 697 1623 merum
729 1558 1117 1624 adverbium
1142 1559 1491 1624 exhibent:
1547 1562 1578 1619 I
1598 1559 1724 1624 250
1738 1583 1754 1638 ;
1786 1558 1839 1618 Α
1862 1558 2015 1638 236;
2056 1561 2111 1619 N
2131 1558 2238 1623 161
2264 1582 2280 1637 3
2321 1559 2368 1636 β
2402 1557 2605 1634 167.¹)

610 1662 967 1726 Uberrime
1025 1662 1322 1726 effloruit
1377 1663 1553 1746 apud
1598 1662 2117 1745 Xenophontem
2161 1684 2238 1726 ea
2281 1662 2604 1726 infinitivi

444 1766 633 1841 ratiO,
681 1785 846 1847 quae
891 1766 962 1828 in
1009 1765 1261 1829 duobus
1308 1773 1684 1849 temporum
1730 1766 1963 1849 spatiis
2006 1766 2185 1830 inter
2229 1787 2299 1829 00
2346 1786 2605 1847 compa-

444 1867 668 1933 randis
724 1868 1022 1932 cernitur
1079 1868 1190 1950 (cf.
1249 1889 1396 1952 pag.
1462 1867 1589 1943 14).
1677 1869 1932 1933 Eadem
1999 1890 2127 1952 qua
2182 1868 2603 1954 Thucydides

441 1972 658 2036 utitur
712 1970 953 2054 ellipsi‚
1012 1972 1109 2035 ita
1175 1978 1251 2036 ut
1312 1994 1394 2034 ex
1452 1972 1659 2037 verbo
1724 1973 1983 2056 regenti
2042 1972 2464 2037 delibandum
2516 1974 2604 2037 sit

442 2082 703 2158 tempus
748 2075 1204 2158 praeteritum,
1252 2074 1330 2139 ad
1379 2075 1554 2157 quod
1597 2076 1977 2141 infinitivus
2022 2098 2061 2140 a
2103 2076 2430 2160 particula
2481 2079 2603 2158 πρίν

442 2178 734 2261 pendens
798 2178 1107 2260 pertinet.
1202 2177 1365 2244 Sive
1422 2200 1605 2243 mero
1675 2181 2126 2264 comparativo
2195 2181 2337 2246 sive
2398 2181 2601 2244 simili

441 2281 715 2345 notione
803 2280 1231 2347 antecedente
1319 2282 1481 2347 haec
1571 2282 1833 2349 dicendi
1919 2284 2206 2349 formula
2294 2285 2602 2349 occurrit.

446 2383 956 2468 Comparativus
1000 2408 1222 2451 merus
1267 2388 1478 2452 anteit
1508 2385 1617 2448 Ἀν.
1660 2389 1820 2468 VII,
1869 2388 1927 2466 7,
1976 2387 2086 2454 35:
2133 2388 2166 2472 ἧ
2207 2388 2317 2470 μὴν
2351 2388 2489 2448 πολύ
2533 2388 2608 2470 γε’

443 2487 592 2548 ἐστιν
637 2485 939 2549 ἔλαττον
997 2491 1087 2550 νῦν
1134 2512 1227 2550 σοι
1282 2480 1386 2551 καῖ
1422 2492 1629 2569 λαβεῖϋ
1687 2494 1857 2552 τοῦτο
1902 2497 1998 2553 καὶ
2042 2494 2358 2553 ἀποδοῦναι
2401 2491 2433 2574 ἢ
2478 2493 2603 2572 πρὶν

440 2593 582 2673 ἡμᾶς
649 2591 838 2654 ἐλθεῖν
905 2595 1050 2677 πρὸς
1112 2593 1183 2655 σὲ
1250 2594 1498 2656 δέκατον
1565 2594 1774 2657 τούτου
1831 2595 2035 2679 μέρος.
2141 2594 2602 2679 Supplendum

441 2719 596 2762 sane
661 2706 762 2762 est
830 2708 984 2782 post
1028 2697 1066 2780 ἤ
1110 2699 1269 2764 haec
1336 2700 1472 2763 fere
1531 2699 1891 2764 sententia:
1956 2701 2048 2758 σοὶ
2101 2700 2198 2759 καὶ
2251 2699 2451 2777 λαβεῖν
2503 2702 2602 2759 καὶ

440 2801 749 2861 ἀποδοῦναι
808 2801 891 2884 ἦν.
994 2800 1339 2868 simillimi
1400 2809 1563 2866 sunt
1627 2802 1782 2866 loci:
1853 2802 1991 2882 Kop.
2047 2802 2199 2861 παιδ.
2257 2801 2341 2873 V,
2401 2800 2461 2876 2,
2521 2798 2601 2863 36

446 2902 643 2982 (πολὺ
696 2903 828 2983 μὲν
885 2904 1271 2970 ἐλάττονές
1324 2907 1432 2965 εἶσι
1486 2907 1601 2963 νῦν
1655 2903 1688 2984 ἢ
1733 2905 1857 2985 πρὶν
1899 2903 2206 2984 ἡττηθῆναι
2249 2902 2335 2983 ὑφ’
2385 2904 2603 2984 ἦμῶν);

443 3002 600 3067 ibid.
646 3004 808 3081 VII,
869 3006 928 3081 5,
989 3003 1070 3068 77
1119 3007 1252 3083 (νῦν
1299 3006 1472 3065 πολὺ
1513 3007 1780 3086 μᾶλλον
1810 3006 2008 3065 ἀσκεῖν
2038 3004 2134 3086 τὴν
2166 3004 2439 3087 ἀρετὴνῆ
2483 3006 2605 3086 πρὶν

443 3106 585 3166 τάδε
653 3107 888 3188 τάγαθὰ
946 3108 1334 3189 ›cz-&mabam
1402 3110 1584 3189 Συμπ.
1639 3109 1699 3186 4,
1759 3105 1797 3172 3
1858 3104 2027 3190 (ἔνιοι
2085 3108 2181 3167 καὶ
2248 3105 2609 3190 ἐχθιύνως

443 3204 673 3291 {zonam
716 3208 750 3289 ἢ
794 3211 917 3292 πρὶν
961 3212 1211 3289 λαβεῖν).
1291 3211 1749 3296 Comparativi
1778 3213 1923 3276 loco
1953 3212 2139 3276 notio
2185 3209 2604 3295 comparandi

443 3311 663 3376 exstat
710 3311 941 3394 Ἀπομν.
989 3315 1118 3394 ΙΙΙ,
1172 3315 1267 3394 11,
1334 3315 1409 3380 14
1470 3318 1808 3398 (τηνικαῦτα
1859 3316 1974 3397 γὰρ
2030 3316 2205 3376 πολὺ
2260 3312 2605 3396 διαφέρει

444 3415 515 3475 τὰ
569 3414 716 3475 αὐτὰ
770 3418 936 3499 δῶρα
990 3416 1023 3499 ἢ
1076 3422 1198 3501 πρὶν
1248 3419 1593 3502 ἐπιθυμῆσαι
1657 3419 1926 3501 διδόναι).
2029 3419 2139 3485 Ad
2200 3427 2604 3483 structuram

443 3517 613 3582 nihil
680 3518 863 3583 valet
929 3520 1224 3585 condicio
1292 3523 1662 3587 sententiae
1717 3523 2069 3606 primariae
2131 3522 2461 3606 negativa,
2527 3530 2604 3586 ut

443 3619 685 3684 docent
713 3621 845 3685 loci
877 3619 1029 3682 Ἕλλ.
1076 3624 1236 3703 VII,
1269 3627 1328 3704 5,
1362 3625 1442 3690 27
1477 3625 1812 3708 (οὐδέτεροι
1856 3624 2067 3685 οὐδὲν
2111 3624 2325 3685 πλέον
2370 3621 2608 3707 ἔχοντες

442 3723 736 3807 ἐφάνησαν
792 3724 825 3807 ἢ
877 3727 1001 3809 πρὶν
1061 3727 1156 3808 τὴν
1203 3729 1393 3812 μάχην
1449 3727 1758 3810 γενέσθαι)
1817 3736 1885 3793 et
1942 3726 2125 3791 Ἀπολ.
2182 3730 2378 3811 Σωκρ.
2434 3728 2475 3814 ξ
2519 3730 2601 3793 24

445 3826 603 3910 (ἐμοὶ
647 3827 718 3888 δὲ
762 3830 824 3888 τί
864 3830 1135 3912 προςήκει
1187 3833 1299 3891 νῦν
1350 3839 1556 3913 μεῖον
1613 3839 1845 3915 φρονεῖν
1891 3832 1924 3915 ἢ
1967 3835 2091 3916 πρὶν
2133 3834 2599 3916 κατακριθῆναι),

441 3931 557 3996 ubi
630 3952 862 3997 sensus
937 3935 1288 4018 negativus
1375 3959 1455 4000 ex
1530 3937 1744 4001 forma
1815 3938 2297 4022 interrogativa
2366 3937 2600 3999 oritur.

444 4036 823 4121 Xenophon
846 4045 924 4103 ut
948 4040 1274 4122 copiosior
1297 4041 1366 4104 in
1391 4039 1688 4118 dicendo,
1721 4063 1852 4125 quo
1875 4050 2248 4125 temporum
2276 4035 2599 4121 oppositio
2697 4047 2700 4048 ’

619 4171 660 4237 l)
695 4172 911 4243 Delego
950 4173 1024 4227 ad
1059 4174 1398 4243 Richterum,
1434 4175 1468 4228 l.
1505 4174 1539 4230 l.
1577 4191 1709 4246 pag.
1749 4175 1796 4229 5.
