3088 4580
498 253 587 321 34

499 443 833 510 sententia
863 443 1179 526 primaria
1207 442 1614 507 affirmativa
1648 454 1768 519 est,
1815 443 1888 506 in
1932 444 2299 525 posteriore
2331 443 2661 526 negativa.

501 546 604 613 Of.
663 545 718 607 A
779 542 907 610 236
974 555 1042 610 et
1108 547 1166 606 N
1198 543 1365 628 ‚161.
1481 543 1619 612 Sed
1683 545 1813 610 loci
1878 546 2221 610 Homerici
2288 546 2664 610 consistunt

498 672 726 715 omnes
770 652 844 714 in
888 651 1143 714 ratione
1199 650 1601 734 paratactica
1612 672 1628 728 3
1685 670 1895 731 neque
1940 650 2271 714 Hesiodus
2327 648 2409 712 ad
2455 649 2664 733 hypo-

500 755 691 818 taxin
718 753 1029 837 progredi
1073 774 1272 818 ausus
1304 761 1424 818 est.
1502 749 1808 817 Primum
1839 752 2219 816 huiusmodi
2261 752 2661 835 exemplum,

499 857 674 939 quod
719 858 843 938 πρίν
889 857 1427 921 coniunctionem
1473 877 1627 920 cum
1671 855 2036 921 indicativo
2082 856 2423 938 praeteriti
2466 876 2663 938 copu-

499 961 701 1024 latam
735 958 1045 1037 ostendit,
1078 960 1425 1024 invenitur
1454 959 1525 1022 in
1557 959 1831 1043 Hymno
1873 960 1943 1022 in
1980 959 2105 1042 Ap.
2137 957 2340 1041 Pyth.
2367 981 2411 1023 v
2447 955 2567 1021 179
2591 957 2662 1039 ¹).

502 1064 884 1127 Atticorum
952 1063 1398 1127 vetustiorum
1464 1063 1714 1144 scripta
1778 1062 1837 1124 si
1902 1060 2415 1144 perlustramus,
2491 1056 2662 1144 ap'ud

500 1166 911 1250 Aeschylum
972 1165 1178 1229 semel
1237 1165 1492 1241 (From.
1540 1161 1712 1242 482),
1773 1165 1976 1228 semel
2037 1162 2212 1247 apud
2263 1161 2664 1246 Sophoclem

502 1268 700 1354 (Oed.
759 1269 914 1352 Tyr.
964 1266 1137 1346 776),
1185 1268 1427 1351 septies
1470 1266 1643 1349 apud
1675 1266 2069 1350 Euripidem
2094 1267 2146 1342 2)
2190 1269 2312 1348 πρίν
2359 1287 2506 1330 cum
2564 1267 2664 1329 in-

501 1372 790 1437 dicativo
851 1379 1248 1455 usurpatum
1304 1366 1610 1436 videmus
1667 1371 2001 1436 sententia
2045 1369 2361 1453 primaria
2406 1354 2686 1452 semperv

501 1474 927 1541 affirmativa.
1022 1473 1159 1556 Qui
1225 1475 1355 1539 loci
1417 1495 1646 1539 omnes
1713 1482 1981 1538 nostrae
2046 1472 2291 1537 rationi
2349 1472 2664 1536 facillime

504 1578 1108 1644 accommodantur.
1225 1579 1421 1643 Actio
1495 1577 1815 1661 primaria
1894 1598 2154 1660 semper
2228 1584 2331 1641 est
2396 1575 2661 1640 durans.

504 1679 691 1762 Quae
756 1691 1113 1767 antequam
1176 1681 1374 1765 plane
1442 1681 1524 1744 ad
1590 1681 1794 1743 finem
1871 1681 2198 1763 pervenit,
2279 1679 2666 1743 secundaria

500 1785 633 1848 iam
678 1785 905 1850 intrat.
995 1785 1447 1850 Enuntiatum
1491 1805 1530 1847 a
1574 1785 1698 1865 πρίν
1743 1784 2211 1849 coniunctione
2266 1803 2662 1867 suspensum

501 1887 641 1952 fere
702 1888 922 1954 solum
981 1909 1101 1972 per
1163 1909 1233 1953 se
1301 1894 1580 1965 constat,
1647 1887 1745 1950 ita
1812 1892 1891 1950 ut
1955 1885 2133 1950 haud
2192 1887 2423 1970 procul
2490 1885 2664 1949 absit

503 2012 543 2055 a
619 1992 941 2075 parataxi.
1061 1992 1147 2056 In
1225 1990 1787 2074 comparationem
1865 2009 2181 2054 vocemus
2263 1989 2661 2054 Latinorum

503 2096 1036 2161 coniunctionem
1099 2117 1303 2179 quum,
1372 2114 1538 2175 quae
1607 2093 1866 2157 actione
1933 2091 2360 2159 antecedente
2424 2091 2660 2153 iterata

503 2198 646 2263 sive
713 2197 994 2262 durante
1061 2196 1290 2262 codem
1341 2195 1535 2260 modo
1583 2195 1772 2278 quasi
1815 2197 2259 2277 παρατακτικῶς
2299 2214 2447 2258 611111
2488 2192 2660 2256 indi-

503 2301 724 2366 cativo
771 2300 1140 2385 copulatur.
1759 2297 1768 2304 ’
2067 2293 2070 2294 ἦ

670 2435 928 2500 Eadem
987 2443 1090 2500 est
1146 2436 1337 2513 ratic,
1399 2436 1458 2498 si
1512 2434 1678 2499 duae
1732 2436 2101 2501 sententiae
2156 2433 2486 2518 particula
2541 2431 2666 2514 πρίν

504 2561 791 2606 conexae
838 2546 1135 2623 tempore
1180 2538 1406 2603 futuro
1453 2538 1903 2604 continentur.
1992 2538 2223 2602 Affero
2270 2537 2314 2596 A
2358 2535 2468 2600 29:

730 2657 827 2740 τὴν
872 2656 926 2717 δ’
976 2656 1097 2739 ἐγὼ
1142 2656 1210 2718 οὐ
1254 2655 1431 2718 λύσω·
1478 2659 1602 2741 πρίν
1644 2677 1737 2738 μιν
1780 2658 1876 2717 καὶ
1918 2660 2103 2739 γῆρας
2144 2652 2354 2716 ἔπεισιν
2372 2655 2443 2729 3).

504 2778 639 2861 Πρίν
684 2777 1085 2844 sententiam
1116 2777 1616 2843 antecedentem
1648 2778 1948 2861 respicit3
1994 2775 2181 2840 illam
2208 2796 2344 2840 non
2375 2774 2630 2839 solvam
2647 2796 2664 2853 ;

503 2882 689 2965 prius
777 2887 894 2960 (sc.
995 2902 1192 2963 quam
1277 2881 1649 2956 exsolvam)
1738 2887 2044 2944 senectus
2132 2900 2278 2943 eam
2366 2877 2664 2941 subierit.

504 2985 792 3050 Etiamsi
834 2993 1191 3067 utrumque
1236 2983 1658 3063 enuntiatum
1705 3003 1824 3046 suo
1870 2982 2013 3045 iure
2043 2981 2279 3059 utitur,
2328 2987 2552 3044 tamen
2593 3000 2669 3044 ea,

504 3095 608 3152 est
675 3086 1032 3171 parataxiS,
1122 3109 1288 3170 quae
1360 3086 1440 3151 ab
1515 3085 1842 3169 hypotaxi
1920 3084 2097 3148 haud
2168 3083 2400 3167 procul
2474 3082 2665 3147 absit.

508 3189 776 3271 Quanto
819 3191 1031 3274 magis
1077 3192 1255 3254 enim
1302 3196 1482 3254 certa
1525 3187 1885 3271 apodoseos
1932 3187 2289 3251 affirmatio
2320 3185 2667 3261 minuitur,

503 3301 692 3357 tanto
750 3293 1086 3358 infirmior
1140 3294 1221 3357 fit
1265 3293 1527 3375 negatio
1590 3291 1961 3355 sententiae
2006 3290 2378 3372 primariae.
2473 3285 2669 3367 Quod

503 3402 582 3460 ut
644 3394 1153 3473 demonstretur,
1213 3417 1363 3460 cum
1421 3395 1540 3458 illo
1589 3414 1784 3475 quem
1831 3391 2023 3456 modo
2069 3391 2418 3457 attulimus
2464 3390 2666 3454 alium

504 3495 736 3561 Iliadis
782 3497 1003 3563 locum
1045 3498 1118 3563 in
1164 3498 1723 3582 comparationem
1769 3516 2079 3561 vocemus
2123 3495 2177 3555 Ω
2222 3496 2381 3560 551:
2505 3497 2508 3502 '

759 3617 906 3678 οὐδέ
939 3639 1033 3699 μιν
1077 3619 1404 3700 ἀνστήσεις·
1450 3617 1574 3698 πρὶν
1615 3618 1712 3677 καὶ
1755 3617 1935 3677 κακὸν
1980 3613 2118 3676 ἄλλο
2163 3614 2461 3699 πάθῃσθα.

510 3736 863 3804 Sententia
928 3738 1027 3803 sic
1093 3738 1520 3822 explanatur:
1595 3758 1812 3820 neque
1880 3758 2038 3803 vero
2106 3757 2257 3800 eum
2323 3732 2666 3809 excitabiS,

681 3993 722 4060 l)
761 3991 843 4047 Of.
879 3993 1161 4047 Foerster.
1198 3994 1255 4047 in
1289 3995 1479 4062 priore
1517 3993 1819 4048 Miscellan.
1854 3992 1949 4046 lib.
1987 4007 2117 4060 pag.
2156 3991 2237 4044 13.

679 4078 723 4145 2)
762 4076 844 4132 Cf.
880 4077 1112 4146 Pramo,
1147 4079 1181 4132 1.
1217 4080 1251 4132 l.
1287 4094 1419 4147 pag.
1455 4079 1676 4133 27—28.

677 4162 723 4231 3)
762 4161 973 4219 Similia
1007 4164 1261 4232 exempla
1295 4163 1448 4232 apud.
1482 4163 1668 4218 Richt.
1704 4164 1738 4217 l.
1775 4163 1808 4216 l.
1846 4177 1978 4231 pag.
2016 4161 2236 4216 15-16.
