3088 4580
447 269 529 337 14

429 459 779 545 Ἀθηναίων)
810 482 949 526 11611
969 462 1179 547 magis
1207 463 1555 542 causalem,
1588 464 1786 547 quam
1811 462 2243 546 temporalem
2268 462 2608 531 notionem

438 565 659 629 valere
753 565 1086 631 existimo.
1209 566 1551 633 Habemus
1637 568 1845 653 igitur
1958 566 2235 631 eundem
2326 565 2608 630 duorum

437 668 934 733 enuntiatorum
1011 690 1425 750 concursum,
1506 693 1703 754 quem
1779 671 2188 755 Thucydidis
2263 670 2607 753 proprium

437 792 581 836 esse
652 772 980 856 exemplis
1047 771 1674 840 demonstravimus.
1785 774 2138 841 Sententia
2209 794 2445 859 regens
2521 771 2604 837 ab

436 878 783 942 enuntiato
856 877 1017 943 ὅπως·
1086 878 1482 960 προφθάσωσι
1555 878 1840 963 petenda
1913 887 2036 956 est,
2126 875 2302 961 quod
2374 897 2606 941 rursus

437 980 679 1063 pendet
723 1002 796 1044 re
838 982 1271 1065 grammatica
1325 982 1513 1048 salva
1568 1003 1607 1046 a
1652 983 1875 1048 verbis
1923 982 2256 1048 enuntiati
2302 980 2604 1064 primarii

436 1070 752 1161 ἐβούλοντο
809 1087 1066 1146 πλεῦσαι.
1167 1089 1266 1151 Α1
1323 1095 1599 1170 quaerat
1657 1087 2004 1169 quispiam,
2061 1084 2269 1169 quid?
2368 1084 2604 1148 143111111-

436 1187 676 1251 tiatum
730 1189 929 1252 finale
986 1210 1208 1254 nonne
1259 1189 1342 1254 ad
1405 1191 1810 1255 sententiam
1877 1189 2208 1255 enuntiati
2266 1210 2416 1253 cum
2481 1190 2603 1269 πρίν

433 1291 759 1374 particula
804 1294 1164 1359 consociati
1211 1295 1421 1359 solam
1465 1295 1804 1379 pertinet?
1899 1292 2154 1375 Quodsi
2199 1293 2400 1357 etiam
2453 1313 2602 1355 cum

431 1396 743 1479 genetivo
788 1396 1129 1480 participii
1187 1398 1727 1483 coniungendum
1774 1419 1916 1462 csse
1962 1397 2222 1474 statuis,
2269 1396 2600 1460 rationem

433 1514 656 1562 nonne
701 1499 982 1584 logicam
1031 1501 1426 1566 conculcas?
1499 1501 1646 1585 Age
1706 1522 1863 1566 vero
1908 1522 2049 1565 rem
2088 1499 2597 1564 consideremus.

398 1601 854 1685 'Thucydides
923 1604 1099 1669 enim
1170 1605 1329 1669 dum
1396 1605 1820 1669 enuntiatum
1887 1605 2093 1688 prius,
2169 1603 2597 1687 participium

432 1706 829 1785 absolutum,
912 1707 1292 1785 conscribit,
1384 1708 1559 1773 haud
1637 1709 1772 1773 scio
1850 1730 1936 1772 an
2020 1708 2421 1772 sententiam
2503 1707 2601 1770 ita

432 1810 822 1876 concludere
918 1811 992 1876 111
1093 1813 1315 1876 animo
1424 1811 1764 1890 habuerit,
1876 1821 1951 1877 ut
2052 1811 2301 1876 diceret
2403 1811 2603 1875 ὅπως

432 1936 566 1995 παρ
584 1936 672 1995 αγ
688 1914 725 1974 ε’
733 1935 866 1974 νων
882 1937 965 1975 τα
987 1940 1022 1978 ι.
1116 1915 1368 1982 Addito
1414 1924 1636 1980 autem
1667 1916 1877 1980 altero
1910 1937 2060 1979 cum
2107 1916 2229 1994 πρίν
2269 1913 2598 1997 particula

430 2017 779 2083 enuntiato
844 2020 1179 2085 sententia
1242 2020 1561 2103 primaria
1634 2018 1901 2084 turbata
1971 2026 2169 2101 atque
2244 2015 2595 2081 obscurata

430 2129 554 2200 est,
623 2122 719 2186 ita
783 2129 861 2187 ut
930 2122 1225 2188 clausula
1290 2122 1544 2207 periodi
1630 2144 1747 2206 pcr
1810 2143 2083 2206 zeugma
2148 2122 2337 2185 fieret
2405 2119 2443 2179 ὅ
2453 2141 2600 2184 πως·

429 2224 944 2309 προφθάσωσι.
1045 2225 1346 2292 Verbum
1400 2228 1579 2290 enim
1625 2225 2020 2309 προφθάσωσι
2072 2223 2154 2289 ad
2200 2222 2594 2309 particulam

429 2332 552 2414 vgoe'v
620 2330 848 2407 solam,
918 2329 1161 2414 quippe
1236 2352 1402 2414 quae
1476 2330 1655 2394 haud
1727 2329 1954 2413 procul
2033 2328 2226 2405 absit,
2303 2326 2593 2410 respicit.

429 2433 847 2499 Vertendum
920 2434 1128 2519 igitur
1215 2441 1523 2499 nostrum
1609 2433 1829 2499 locum
1920 2433 2044 2497 hoc
2117 2431 2311 2497 modo
2396 2438 2591 2515 puto:

428 2535 937 2601 Lacedaemonii
958 2537 1136 2601 enim
1157 2538 1463 2621 protinus
1490 2536 1852 2622 Corcyram
1874 2536 2191 2620 navigare
2213 2534 2591 2610 voluerunt,

428 2648 504 2705 ut
577 2639 736 2704 hacc
810 2641 1147 2725 expeditio
1228 2643 1441 2721 fieret,
1516 2650 1586 2706 et
1658 2663 1862 2724 quum
1926 2639 2374 2704 Athenienses
2442 2660 2591 2702 cum

427 2743 771 2810 duodecim
839 2745 1190 2812 dumtaxat
1244 2745 1527 2812 navibus
1586 2743 1669 2808 ad
1725 2744 2150 2828 Naupactum
2217 2750 2460 2820 essent,
2524 2757 2593 2806 et

426 2858 780 2934 antequam
834 2851 1084 2940 maiore
1149 2851 1423 2916 navium
1491 2848 1925 2914 multitudine
1981 2846 2274 2911 Athenis
2340 2845 2591 2910 auxilio

426 2954 790 3020 venissent.

598 3056 1002 3124 Simillimus
1067 3065 1170 3123 est
1235 3057 1406 3121 alius
1475 3055 1845 3139 particulae
1911 3056 2035 3136 πρίν
2102 3075 2280 3130 usne,
2349 3052 2463 3135 qui
2518 3051 2588 3114 in

425 3158 679 3226 duobus
711 3171 1090 3246 temporum
1121 3161 1354 3245 spatiis
1392 3159 1851 3243 comparandis
1899 3158 2212 3223 cernitur.
2292 3156 2586 3220 Affcram

425 3264 545 3343 VI,
622 3266 686 3330 11
699 3315 717 3343 ,
793 3266 853 3330 1:
923 3266 1164 3348 ἀνόητον
1233 3262 1285 3322 δ’
1338 3263 1426 3323 ἐπὶ
1492 3262 1792 3329 τοιοῦτυυς
1841 3261 1984 3321 ἰέναι
2041 3259 2120 3319 ὧν
2183 3260 2484 3342 κρατήσας
2525 3280 2588 3318 τε

418 3368 498 3451 μὴ
542 3369 904 3452 κατασχήσει
945 3390 1031 3433 τις·
1069 3369 1165 3427 καὶ
1204 3367 1284 3450 μὴ
1315 3367 1697 3449 κατορθῶσαι
1736 3367 1815 3448 μὴ
1862 3364 1923 3425 ἐν
1965 3374 2048 3446 τῷ
2090 3364 2275 3447 ὁμοίῳ
2327 3365 2423 3423 καὶ
2466 3363 2588 3444 τςυὲν

423 3470 776 3556 ἐπιχειρῆσαι
819 3467 1004 3532 ἔσται.
1088 3471 1240 3536 Η66
1269 3481 1397 3536 cst:
1447 3471 1552 3535 his
1584 3470 1780 3534 rebus
1826 3468 1999 3533 male
2042 3469 2249 3551 gestis
2297 3489 2404 3531 res
2451 3487 2589 3530 non

421 3576 493 3640 in
569 3576 797 3641 eodem
870 3584 1053 3641 statu
1128 3575 1275 3651 erit,
1351 3596 1481 3657 quo
1556 3581 1710 3638 ante
1784 3579 2091 3637 conatum
2174 3570 2320 3647 (scl.
2398 3574 2586 3644 erat).

421 3680 705 3764 Ellipsis
790 3681 969 3745 enim
1061 3676 1523 3743 constituenda
1611 3685 1731 3742 est.
1834 3675 2062 3741 Facile
2151 3674 2586 3758 perspicimus

422 3786 838 3850 infinitivum
902 3785 1031 3867 πρὶν
1079 3782 1434 3866 ἐπιχειρῆσαι
1487 3802 1627 3845 non
1683 3780 1970 3864 pendero
2027 3801 2066 3843 a
2120 3779 2345 3843 futuro
2402 3773 2585 3846 ἔσται,

421 3887 537 3953 sed
593 3910 633 3952 a
688 3887 1048 3972 praeterito
1102 3885 1186 3969 ἦν,
1251 3884 1425 3969 quod
1481 3906 1566 3948 ex
1612 3883 1730 3947 1116
1777 3883 2005 3947 futuro
2067 3879 2586 3964 depromendum

419 3999 539 4057 est.
633 3990 986 4058 Sententia
1039 3991 1099 4056 si
1143 3996 1286 4055 tota
1326 3994 1868 4073 pertractaretur,
1930 3984 2053 4049 hoc
2112 3983 2310 4049 modo
2363 3984 2584 4068 expri-

418 4095 660 4161 menda
721 4102 889 4161 erat:
951 4095 1031 4178 μὴ
1092 4093 1153 4155 ἐν
1215 4103 1299 4178 τῷ
1350 4093 1535 4175 ὁμοίῳ
1591 4093 1688 4151 καὶ
1754 4088 1814 4149 ἐν
1870 4088 1920 4174 ᾧ
1960 4088 2024 4172 ἦν
2069 4089 2191 4170 πψὶν
2236 4087 2589 4172 ἐπιχειρῆσαι

422 4193 607 4267 ἔσται.
