3088 4580
516 247 558 312 4

514 436 675 501 haec
729 436 1120 520 disceptatio
1181 436 1253 499 in
1317 435 1550 500 multis
1618 436 1920 519 partibus
1988 437 2295 521 ambigua
2361 439 2470 515 sit,
2537 439 2677 522 ipse

514 562 679 624 quae
746 541 827 605 de
882 541 1078 605 rebus
1136 542 1585 605 controversis
1643 541 1925 605 sentiam
1983 542 2055 605 in
2109 541 2324 605 lucem
2381 541 2677 624 proferre

513 645 741 710 aude0.

686 749 850 813 Tres
896 748 999 812 illi
1046 748 1179 811 viri
1224 747 1421 824 docti,
1480 768 1762 830 quorum
1818 756 2152 832 postremo
2209 748 2354 812 loco
2409 748 2676 813 laudavi

514 850 1033 927 dissertationes,
1092 852 1215 934 πρίν
1266 849 1662 933 particulam
1709 851 2166 915 correlationis
2210 852 2324 916 via
2368 850 2677 915 coniunc-

512 955 764 1019 tionem
808 975 951 1019 esse
995 953 1239 1018 factam
1283 973 1676 1036 persuasum
1720 953 1987 1019 habent.
2047 955 2248 1019 Haec
2283 953 2676 1037 hypothesis

511 1044 840 1142 imprimis
865 1079 943 1122 ea
963 1056 1370 1122 Graecorum
1397 1058 1876 1141 praecipueque
1894 1059 2173 1122 Homeri
2199 1058 2675 1122 consuetudine

510 1161 771 1238 nititur,
830 1181 959 1243 qua
1012 1158 1191 1224 idem
1247 1157 1648 1224 vocabulum
1705 1162 1828 1242 πρίν
1873 1160 1983 1225 vel
2039 1160 2219 1225 aliud
2274 1160 2511 1225 similis
2559 1183 2676 1225 no-

511 1263 713 1328 tionis
759 1263 1148 1329 adverbium
1180 1263 1382 1327 etiam
1412 1263 1484 1327 in
1529 1263 1876 1328 enuntiato
1924 1264 2239 1348 primario
2286 1264 2443 1348 poni
2482 1264 2669 1327 solet.

515 1366 646 1433 Sed
694 1366 1061 1431 cavendum
1105 1373 1225 1444 est,
1270 1387 1356 1430 ne
1402 1366 1523 1430 hac
1553 1368 2000 1450 geminatione
2044 1367 2126 1431 ad
2171 1367 2673 1431 correlationem

510 1469 928 1535 statuendam
960 1469 1393 1554 pelliciamur.
1463 1470 1647 1534 Haec
1678 1471 1856 1535 enim
1886 1479 1962 1535 ut
1985 1478 2379 1555 agnoscatur
2411 1476 2675 1553 oportet

511 1574 640 1639 duo
708 1594 850 1637 esse
919 1574 1283 1651 enuntiata,
1353 1592 1516 1655 quae
1585 1573 1728 1656 pari
1795 1574 1939 1637 iure
2007 1572 2307 1657 praedita
2371 1573 2551 1637 inter
2603 1593 2673 1636 se

510 1676 973 1761 respondeant.
989 1674 1034 1759 ¹)
1125 1676 1535 1759 Exemplum
1592 1697 1789 1742 verae
1845 1677 2301 1742 correlationis
2357 1685 2461 1741 est
2504 1675 2675 1740 illud

511 1780 944 1844 Homericum
989 1779 1032 1838 Δ
1080 1778 1455 1844 220—221:

796 1881 958 1965 ὄφρα
1002 1884 1089 1943 τοὶ
1133 1882 1536 1964 ἀμφεπένοντο
1581 1884 1729 1966 βοὴν
1773 1884 2000 1965 ἀγαθὸν
2047 1884 2360 1954 Μενέλαον,

796 1986 993 2068 τόφρα
1037 1983 1091 2044 δ’
1134 1984 1220 2045 ἐπὶ
1272 1985 1486 2068 Τρώων
1532 1988 1729 2070 στίχες
1770 1985 1982 2068 ἤλυθον
2027 1986 2378 2046 ἀσπιστάων.

682 2087 961 2173 Semper
1005 2088 1135 2154 duo
1165 2091 1513 2155 enuntiata
1544 2089 1979 2155 discernenda
2009 2098 2185 2167 sunt,
2232 2110 2397 2171 quae
2442 2087 2671 2152 eodem

509 2200 805 2277 tempore
850 2192 1039 2275 quasi
1084 2199 1506 2257 concurrunt.
1597 2191 1850 2257 Contra
1894 2193 2245 2258 afferamus
2290 2190 2671 2274 exemplum

508 2297 870 2379 particulae
917 2297 1040 2377 πρίν
1086 2296 1128 2356 Λ
1171 2294 1456 2362 97—98:

742 2397 868 2458 οὐδ’
909 2400 1014 2481 ὅγε
1058 2400 1181 2482 πρὶν
1224 2398 1498 2458 Δαναοῖσι
1541 2397 1749 2459 ἀεικέα
1792 2399 1981 2479 λοιγὸν
2026 2398 2267 2469 ἀπώσει,

744 2505 867 2586 πρίν
911 2501 954 2585 γ’
1005 2504 1117 2564 ἀπὸ
1163 2504 1331 2586 πατρὶ
1376 2504 1523 2585 φίλῳ
1569 2503 1809 2584 δόμεναι
1853 2501 2160 2562 ἑλικώπιδα
2204 2501 2434 2584 κούρην.

678 2608 878 2672 Hunc
911 2607 1143 2672 Iliadis
1187 2607 1408 2672 locum
1439 2628 1562 2671 nec
1594 2606 1875 2670 Richter
1911 2625 2032 2669 nee
2071 2604 2295 2669 Lueth
2343 2605 2669 2688 optimum

509 2709 966 2774 correlationis
1012 2718 1255 2774 testem
1299 2709 1594 2792 proferre
1640 2708 2042 2786 dubitarent,
2089 2709 2333 2800 quippe
2376 2708 2489 2791 qui
2534 2728 2669 2771 non

508 2812 727 2878 solum
758 2814 1117 2896 πρίν-πρίν
1149 2811 1480 2888 exhibeat,
1514 2811 1629 2876 sed
1660 2811 1861 2875 etiam
1890 2811 2266 2895 negationis
2295 2811 2672 2894 praesentia

507 2915 785 2981 Luethii
850 2915 1147 3000 opinioni
1211 2914 1650 2990 satisfaciat.²)
1742 2912 1878 2980 Sed
1944 2914 2293 2979 correlatio
2352 2914 2467 2978 ubi
2523 2915 2670 2979 est?

508 3019 714 3084 Nulla
770 3019 902 3083 alia
956 3019 1061 3084 his
1128 3017 1349 3084 verbis
1411 3017 1641 3082 subest
1702 3018 1873 3082 ratio
1928 3038 2124 3100 quam
2182 3017 2374 3082 haec:
2470 3017 2669 3083 Aetio

508 3122 823 3207 primaria
888 3145 1022 3187 non
1088 3131 1242 3187 ante
1301 3121 1760 3187 secundariam
1814 3121 2176 3204 perfectam
2234 3121 2315 3186 ad
2361 3121 2667 3186 effectum

505 3226 751 3292 veniet.
850 3224 1195 3307 Quomodo
1254 3227 1678 3290 enuntiatum
1733 3225 1932 3288 certis
1987 3224 2235 3289 finibus
2290 3223 2669 3288 absolutum

507 3349 659 3393 eum
700 3350 884 3394 mera
912 3328 1103 3394 verbi
1144 3329 1402 3393 actione
1432 3328 1774 3394 infinitivo
1822 3348 2137 3411 expressa
2167 3326 2668 3391 correlationem

505 3433 677 3498 inire
720 3434 987 3517 potest?
1072 3432 1258 3496 Haec
1303 3433 1480 3497 enim
1524 3432 1853 3498 infinitivi
1896 3431 2068 3498 aetio
2122 3439 2350 3496 utrum
2394 3453 2467 3496 re
2513 3453 2672 3497 vera

506 3536 906 3620 perficiatur,
953 3556 1039 3599 an
1083 3535 1372 3619 cogitata
1415 3543 1678 3599 tautum
1721 3536 2111 3620 imperfecta
2153 3542 2437 3615 maneat,
2496 3534 2668 3600 nihil

506 3660 778 3724 prorsus
823 3638 1046 3703 refert.
1135 3637 1358 3702 Multo
1403 3647 1626 3703 autem
1666 3640 1875 3723 magis
1907 3640 2076 3704 mihi
2104 3641 2350 3704 mirum
2379 3639 2666 3714 videtur,

506 3742 680 3826 quod
724 3750 862 3807 tres
906 3742 1011 3806 illi
1055 3743 1189 3808 viri
1234 3764 1317 3806 ex
1362 3742 1704 3808 infinitivo
1749 3742 1977 3807 modos
2023 3744 2249 3807 finitos
2280 3742 2667 3826 provenisse

681 3913 721 3980 1)
756 3912 904 3968 Vide
937 3912 1214 3981 Hartung‚
1261 3911 1480 3968 Griech.
1518 3910 1807 3966 Partikeln
1850 3927 1982 3980 pag.
2030 3911 2113 3964 61.
2187 3909 2559 3977 ‚Col-relation
2593 3909 2669 3964 ist

504 3998 786 4066 Einklang
819 3999 935 4053 und
969 3997 1417 4067 Wechselbezug
1451 3997 1750 4066 paralleler
1786 3996 2020 4052 Saetze.‘

678 4084 760 4139 Cf.
799 4084 1051 4140 Curtium
1086 4084 1141 4138 in
1177 4085 1625 4152 Erlauterungen
1660 4099 1791 4152 pag.
1830 4082 1945 4136 190.

676 4171 720 4238 2)
758 4169 955 4239 Lueth,
991 4171 1025 4224 1.
1061 4170 1095 4224 1.
1132 4186 1263 4239 pag.
1301 4170 1348 4224 7.
